%YAML 1.1
%TAG !u! tag:unity3d.com,2011:
--- !u!29 &1
OcclusionCullingSettings:
  m_ObjectHideFlags: 0
  serializedVersion: 2
  m_OcclusionBakeSettings:
    smallestOccluder: 5
    smallestHole: 0.25
    backfaceThreshold: 100
  m_SceneGUID: 00000000000000000000000000000000
  m_OcclusionCullingData: {fileID: 0}
--- !u!104 &2
RenderSettings:
  m_ObjectHideFlags: 0
  serializedVersion: 9
  m_Fog: 0
  m_FogColor: {r: 0.5, g: 0.5, b: 0.5, a: 1}
  m_FogMode: 3
  m_FogDensity: 0.01
  m_LinearFogStart: 0
  m_LinearFogEnd: 300
  m_AmbientSkyColor: {r: 0.212, g: 0.227, b: 0.259, a: 1}
  m_AmbientEquatorColor: {r: 0.114, g: 0.125, b: 0.133, a: 1}
  m_AmbientGroundColor: {r: 0.047, g: 0.043, b: 0.035, a: 1}
  m_AmbientIntensity: 1
  m_AmbientMode: 0
  m_SubtractiveShadowColor: {r: 0.42, g: 0.478, b: 0.627, a: 1}
  m_SkyboxMaterial: {fileID: 10304, guid: 0000000000000000f000000000000000, type: 0}
  m_HaloStrength: 0.5
  m_FlareStrength: 1
  m_FlareFadeSpeed: 3
  m_HaloTexture: {fileID: 0}
  m_SpotCookie: {fileID: 10001, guid: 0000000000000000e000000000000000, type: 0}
  m_DefaultReflectionMode: 0
  m_DefaultReflectionResolution: 128
  m_ReflectionBounces: 1
  m_ReflectionIntensity: 1
  m_CustomReflection: {fileID: 0}
  m_Sun: {fileID: 0}
  m_IndirectSpecularColor: {r: 0.44657898, g: 0.4964133, b: 0.5748178, a: 1}
  m_UseRadianceAmbientProbe: 0
--- !u!157 &3
LightmapSettings:
  m_ObjectHideFlags: 0
  serializedVersion: 12
  m_GIWorkflowMode: 1
  m_GISettings:
    serializedVersion: 2
    m_BounceScale: 1
    m_IndirectOutputScale: 1
    m_AlbedoBoost: 1
    m_EnvironmentLightingMode: 0
    m_EnableBakedLightmaps: 1
    m_EnableRealtimeLightmaps: 0
  m_LightmapEditorSettings:
    serializedVersion: 12
    m_Resolution: 2
    m_BakeResolution: 40
    m_AtlasSize: 1024
    m_AO: 0
    m_AOMaxDistance: 1
    m_CompAOExponent: 1
    m_CompAOExponentDirect: 0
    m_ExtractAmbientOcclusion: 0
    m_Padding: 2
    m_LightmapParameters: {fileID: 0}
    m_LightmapsBakeMode: 1
    m_TextureCompression: 1
    m_FinalGather: 0
    m_FinalGatherFiltering: 1
    m_FinalGatherRayCount: 256
    m_ReflectionCompression: 2
    m_MixedBakeMode: 2
    m_BakeBackend: 1
    m_PVRSampling: 1
    m_PVRDirectSampleCount: 32
    m_PVRSampleCount: 512
    m_PVRBounces: 2
    m_PVREnvironmentSampleCount: 256
    m_PVREnvironmentReferencePointCount: 2048
    m_PVRFilteringMode: 1
    m_PVRDenoiserTypeDirect: 1
    m_PVRDenoiserTypeIndirect: 1
    m_PVRDenoiserTypeAO: 1
    m_PVRFilterTypeDirect: 0
    m_PVRFilterTypeIndirect: 0
    m_PVRFilterTypeAO: 0
    m_PVREnvironmentMIS: 1
    m_PVRCulling: 1
    m_PVRFilteringGaussRadiusDirect: 1
    m_PVRFilteringGaussRadiusIndirect: 5
    m_PVRFilteringGaussRadiusAO: 2
    m_PVRFilteringAtrousPositionSigmaDirect: 0.5
    m_PVRFilteringAtrousPositionSigmaIndirect: 2
    m_PVRFilteringAtrousPositionSigmaAO: 1
    m_ExportTrainingData: 0
    m_TrainingDataDestination: TrainingData
    m_LightProbeSampleCountMultiplier: 4
  m_LightingDataAsset: {fileID: 0}
  m_LightingSettings: {fileID: 0}
--- !u!196 &4
NavMeshSettings:
  serializedVersion: 2
  m_ObjectHideFlags: 0
  m_BuildSettings:
    serializedVersion: 2
    agentTypeID: 0
    agentRadius: 0.5
    agentHeight: 2
    agentSlope: 45
    agentClimb: 0.4
    ledgeDropHeight: 0
    maxJumpAcrossDistance: 0
    minRegionArea: 2
    manualCellSize: 0
    cellSize: 0.16666667
    manualTileSize: 0
    tileSize: 256
    accuratePlacement: 0
    maxJobWorkers: 0
    preserveTilesOutsideBounds: 0
    debug:
      m_Flags: 0
  m_NavMeshData: {fileID: 0}
--- !u!1001 &120946171
PrefabInstance:
  m_ObjectHideFlags: 0
  serializedVersion: 2
  m_Modification:
    m_TransformParent: {fileID: 0}
    m_Modifications:
    - target: {fileID: 3776660635115691162, guid: c38753fa8d28f0443a4f03f65d251867, type: 3}
      propertyPath: m_RootOrder
      value: 14
      objectReference: {fileID: 0}
    - target: {fileID: 3776660635115691162, guid: c38753fa8d28f0443a4f03f65d251867, type: 3}
      propertyPath: m_LocalPosition.x
      value: -3.6223822
      objectReference: {fileID: 0}
    - target: {fileID: 3776660635115691162, guid: c38753fa8d28f0443a4f03f65d251867, type: 3}
      propertyPath: m_LocalPosition.y
      value: 155.82
      objectReference: {fileID: 0}
    - target: {fileID: 3776660635115691162, guid: c38753fa8d28f0443a4f03f65d251867, type: 3}
      propertyPath: m_LocalPosition.z
      value: 206.79
      objectReference: {fileID: 0}
    - target: {fileID: 3776660635115691162, guid: c38753fa8d28f0443a4f03f65d251867, type: 3}
      propertyPath: m_LocalRotation.w
      value: 1
      objectReference: {fileID: 0}
    - target: {fileID: 3776660635115691162, guid: c38753fa8d28f0443a4f03f65d251867, type: 3}
      propertyPath: m_LocalRotation.x
      value: -0
      objectReference: {fileID: 0}
    - target: {fileID: 3776660635115691162, guid: c38753fa8d28f0443a4f03f65d251867, type: 3}
      propertyPath: m_LocalRotation.y
      value: -0
      objectReference: {fileID: 0}
    - target: {fileID: 3776660635115691162, guid: c38753fa8d28f0443a4f03f65d251867, type: 3}
      propertyPath: m_LocalRotation.z
      value: -0
      objectReference: {fileID: 0}
    - target: {fileID: 3776660635115691162, guid: c38753fa8d28f0443a4f03f65d251867, type: 3}
      propertyPath: m_LocalEulerAnglesHint.x
      value: 0
      objectReference: {fileID: 0}
    - target: {fileID: 3776660635115691162, guid: c38753fa8d28f0443a4f03f65d251867, type: 3}
      propertyPath: m_LocalEulerAnglesHint.y
      value: 0
      objectReference: {fileID: 0}
    - target: {fileID: 3776660635115691162, guid: c38753fa8d28f0443a4f03f65d251867, type: 3}
      propertyPath: m_LocalEulerAnglesHint.z
      value: 0
      objectReference: {fileID: 0}
    - target: {fileID: 7024613659526602305, guid: c38753fa8d28f0443a4f03f65d251867, type: 3}
      propertyPath: m_Name
      value: Coin (1)
      objectReference: {fileID: 0}
    m_RemovedComponents: []
  m_SourcePrefab: {fileID: 100100000, guid: c38753fa8d28f0443a4f03f65d251867, type: 3}
--- !u!1 &205658022 stripped
GameObject:
  m_CorrespondingSourceObject: {fileID: 8334519899482089601, guid: d649b5aead80df947a1d7a014a32049c, type: 3}
  m_PrefabInstance: {fileID: 942292604}
  m_PrefabAsset: {fileID: 0}
--- !u!1 &237872564
GameObject:
  m_ObjectHideFlags: 0
  m_CorrespondingSourceObject: {fileID: 0}
  m_PrefabInstance: {fileID: 0}
  m_PrefabAsset: {fileID: 0}
  serializedVersion: 6
  m_Component:
  - component: {fileID: 237872566}
  - component: {fileID: 237872565}
  m_Layer: 0
  m_Name: Directional Light
  m_TagString: Untagged
  m_Icon: {fileID: 0}
  m_NavMeshLayer: 0
  m_StaticEditorFlags: 0
  m_IsActive: 1
--- !u!108 &237872565
Light:
  m_ObjectHideFlags: 0
  m_CorrespondingSourceObject: {fileID: 0}
  m_PrefabInstance: {fileID: 0}
  m_PrefabAsset: {fileID: 0}
  m_GameObject: {fileID: 237872564}
  m_Enabled: 1
  serializedVersion: 10
  m_Type: 1
  m_Shape: 0
  m_Color: {r: 1, g: 0.95686275, b: 0.8392157, a: 1}
  m_Intensity: 1
  m_Range: 10
  m_SpotAngle: 30
  m_InnerSpotAngle: 21.80208
  m_CookieSize: 10
  m_Shadows:
    m_Type: 2
    m_Resolution: -1
    m_CustomResolution: -1
    m_Strength: 1
    m_Bias: 0.05
    m_NormalBias: 0.4
    m_NearPlane: 0.2
    m_CullingMatrixOverride:
      e00: 1
      e01: 0
      e02: 0
      e03: 0
      e10: 0
      e11: 1
      e12: 0
      e13: 0
      e20: 0
      e21: 0
      e22: 1
      e23: 0
      e30: 0
      e31: 0
      e32: 0
      e33: 1
    m_UseCullingMatrixOverride: 0
  m_Cookie: {fileID: 0}
  m_DrawHalo: 0
  m_Flare: {fileID: 0}
  m_RenderMode: 0
  m_CullingMask:
    serializedVersion: 2
    m_Bits: 4294967295
  m_RenderingLayerMask: 1
  m_Lightmapping: 4
  m_LightShadowCasterMode: 0
  m_AreaSize: {x: 1, y: 1}
  m_BounceIntensity: 1
  m_ColorTemperature: 6570
  m_UseColorTemperature: 0
  m_BoundingSphereOverride: {x: 0, y: 0, z: 0, w: 0}
  m_UseBoundingSphereOverride: 0
  m_UseViewFrustumForShadowCasterCull: 1
  m_ShadowRadius: 0
  m_ShadowAngle: 0
--- !u!4 &237872566
Transform:
  m_ObjectHideFlags: 0
  m_CorrespondingSourceObject: {fileID: 0}
  m_PrefabInstance: {fileID: 0}
  m_PrefabAsset: {fileID: 0}
  m_GameObject: {fileID: 237872564}
  m_LocalRotation: {x: 0.40821788, y: -0.23456968, z: 0.10938163, w: 0.8754261}
  m_LocalPosition: {x: 0, y: 3, z: 0}
  m_LocalScale: {x: 1, y: 1, z: 1}
  m_Children: []
  m_Father: {fileID: 0}
  m_RootOrder: 8
  m_LocalEulerAnglesHint: {x: 50, y: -30, z: 0}
--- !u!1001 &238697983
PrefabInstance:
  m_ObjectHideFlags: 0
  serializedVersion: 2
  m_Modification:
    m_TransformParent: {fileID: 0}
    m_Modifications:
    - target: {fileID: 3712867547192423796, guid: 25f2cf4c4ddbc7847a44a00c78fb15da, type: 3}
      propertyPath: m_Name
      value: Lamp
      objectReference: {fileID: 0}
    - target: {fileID: 3712867547192584532, guid: 25f2cf4c4ddbc7847a44a00c78fb15da, type: 3}
      propertyPath: m_RootOrder
      value: 2
      objectReference: {fileID: 0}
    - target: {fileID: 3712867547192584532, guid: 25f2cf4c4ddbc7847a44a00c78fb15da, type: 3}
      propertyPath: m_LocalPosition.x
      value: -7.935725
      objectReference: {fileID: 0}
    - target: {fileID: 3712867547192584532, guid: 25f2cf4c4ddbc7847a44a00c78fb15da, type: 3}
      propertyPath: m_LocalPosition.y
      value: 155.55995
      objectReference: {fileID: 0}
    - target: {fileID: 3712867547192584532, guid: 25f2cf4c4ddbc7847a44a00c78fb15da, type: 3}
      propertyPath: m_LocalPosition.z
      value: 218.07904
      objectReference: {fileID: 0}
    - target: {fileID: 3712867547192584532, guid: 25f2cf4c4ddbc7847a44a00c78fb15da, type: 3}
      propertyPath: m_LocalRotation.w
      value: 1
      objectReference: {fileID: 0}
    - target: {fileID: 3712867547192584532, guid: 25f2cf4c4ddbc7847a44a00c78fb15da, type: 3}
      propertyPath: m_LocalRotation.x
      value: 0
      objectReference: {fileID: 0}
    - target: {fileID: 3712867547192584532, guid: 25f2cf4c4ddbc7847a44a00c78fb15da, type: 3}
      propertyPath: m_LocalRotation.y
      value: 0
      objectReference: {fileID: 0}
    - target: {fileID: 3712867547192584532, guid: 25f2cf4c4ddbc7847a44a00c78fb15da, type: 3}
      propertyPath: m_LocalRotation.z
      value: 0
      objectReference: {fileID: 0}
    - target: {fileID: 3712867547192584532, guid: 25f2cf4c4ddbc7847a44a00c78fb15da, type: 3}
      propertyPath: m_LocalEulerAnglesHint.x
      value: 0
      objectReference: {fileID: 0}
    - target: {fileID: 3712867547192584532, guid: 25f2cf4c4ddbc7847a44a00c78fb15da, type: 3}
      propertyPath: m_LocalEulerAnglesHint.y
      value: 0
      objectReference: {fileID: 0}
    - target: {fileID: 3712867547192584532, guid: 25f2cf4c4ddbc7847a44a00c78fb15da, type: 3}
      propertyPath: m_LocalEulerAnglesHint.z
      value: 0
      objectReference: {fileID: 0}
    m_RemovedComponents: []
  m_SourcePrefab: {fileID: 100100000, guid: 25f2cf4c4ddbc7847a44a00c78fb15da, type: 3}
--- !u!1001 &524613574
PrefabInstance:
  m_ObjectHideFlags: 0
  serializedVersion: 2
  m_Modification:
    m_TransformParent: {fileID: 0}
    m_Modifications:
    - target: {fileID: 3776660635115691162, guid: c38753fa8d28f0443a4f03f65d251867, type: 3}
      propertyPath: m_RootOrder
      value: 16
      objectReference: {fileID: 0}
    - target: {fileID: 3776660635115691162, guid: c38753fa8d28f0443a4f03f65d251867, type: 3}
      propertyPath: m_LocalPosition.x
      value: -6.01
      objectReference: {fileID: 0}
    - target: {fileID: 3776660635115691162, guid: c38753fa8d28f0443a4f03f65d251867, type: 3}
      propertyPath: m_LocalPosition.y
      value: 155.82
      objectReference: {fileID: 0}
    - target: {fileID: 3776660635115691162, guid: c38753fa8d28f0443a4f03f65d251867, type: 3}
      propertyPath: m_LocalPosition.z
      value: 205.17
      objectReference: {fileID: 0}
    - target: {fileID: 3776660635115691162, guid: c38753fa8d28f0443a4f03f65d251867, type: 3}
      propertyPath: m_LocalRotation.w
      value: 1
      objectReference: {fileID: 0}
    - target: {fileID: 3776660635115691162, guid: c38753fa8d28f0443a4f03f65d251867, type: 3}
      propertyPath: m_LocalRotation.x
      value: -0
      objectReference: {fileID: 0}
    - target: {fileID: 3776660635115691162, guid: c38753fa8d28f0443a4f03f65d251867, type: 3}
      propertyPath: m_LocalRotation.y
      value: -0
      objectReference: {fileID: 0}
    - target: {fileID: 3776660635115691162, guid: c38753fa8d28f0443a4f03f65d251867, type: 3}
      propertyPath: m_LocalRotation.z
      value: -0
      objectReference: {fileID: 0}
    - target: {fileID: 3776660635115691162, guid: c38753fa8d28f0443a4f03f65d251867, type: 3}
      propertyPath: m_LocalEulerAnglesHint.x
      value: 0
      objectReference: {fileID: 0}
    - target: {fileID: 3776660635115691162, guid: c38753fa8d28f0443a4f03f65d251867, type: 3}
      propertyPath: m_LocalEulerAnglesHint.y
      value: 0
      objectReference: {fileID: 0}
    - target: {fileID: 3776660635115691162, guid: c38753fa8d28f0443a4f03f65d251867, type: 3}
      propertyPath: m_LocalEulerAnglesHint.z
      value: 0
      objectReference: {fileID: 0}
    - target: {fileID: 7024613659526602305, guid: c38753fa8d28f0443a4f03f65d251867, type: 3}
      propertyPath: m_Name
      value: Coin (3)
      objectReference: {fileID: 0}
    m_RemovedComponents: []
  m_SourcePrefab: {fileID: 100100000, guid: c38753fa8d28f0443a4f03f65d251867, type: 3}
--- !u!1001 &574192719
PrefabInstance:
  m_ObjectHideFlags: 0
  serializedVersion: 2
  m_Modification:
    m_TransformParent: {fileID: 0}
    m_Modifications:
    - target: {fileID: 3712867547192423796, guid: 25f2cf4c4ddbc7847a44a00c78fb15da, type: 3}
      propertyPath: m_Name
      value: Lamp (1)
      objectReference: {fileID: 0}
    - target: {fileID: 3712867547192584532, guid: 25f2cf4c4ddbc7847a44a00c78fb15da, type: 3}
      propertyPath: m_RootOrder
      value: 11
      objectReference: {fileID: 0}
    - target: {fileID: 3712867547192584532, guid: 25f2cf4c4ddbc7847a44a00c78fb15da, type: 3}
      propertyPath: m_LocalPosition.x
      value: -6.46
      objectReference: {fileID: 0}
    - target: {fileID: 3712867547192584532, guid: 25f2cf4c4ddbc7847a44a00c78fb15da, type: 3}
      propertyPath: m_LocalPosition.y
      value: 155.55995
      objectReference: {fileID: 0}
    - target: {fileID: 3712867547192584532, guid: 25f2cf4c4ddbc7847a44a00c78fb15da, type: 3}
      propertyPath: m_LocalPosition.z
      value: 218.07904
      objectReference: {fileID: 0}
    - target: {fileID: 3712867547192584532, guid: 25f2cf4c4ddbc7847a44a00c78fb15da, type: 3}
      propertyPath: m_LocalRotation.w
      value: 1
      objectReference: {fileID: 0}
    - target: {fileID: 3712867547192584532, guid: 25f2cf4c4ddbc7847a44a00c78fb15da, type: 3}
      propertyPath: m_LocalRotation.x
      value: 0
      objectReference: {fileID: 0}
    - target: {fileID: 3712867547192584532, guid: 25f2cf4c4ddbc7847a44a00c78fb15da, type: 3}
      propertyPath: m_LocalRotation.y
      value: 0
      objectReference: {fileID: 0}
    - target: {fileID: 3712867547192584532, guid: 25f2cf4c4ddbc7847a44a00c78fb15da, type: 3}
      propertyPath: m_LocalRotation.z
      value: 0
      objectReference: {fileID: 0}
    - target: {fileID: 3712867547192584532, guid: 25f2cf4c4ddbc7847a44a00c78fb15da, type: 3}
      propertyPath: m_LocalEulerAnglesHint.x
      value: 0
      objectReference: {fileID: 0}
    - target: {fileID: 3712867547192584532, guid: 25f2cf4c4ddbc7847a44a00c78fb15da, type: 3}
      propertyPath: m_LocalEulerAnglesHint.y
      value: 0
      objectReference: {fileID: 0}
    - target: {fileID: 3712867547192584532, guid: 25f2cf4c4ddbc7847a44a00c78fb15da, type: 3}
      propertyPath: m_LocalEulerAnglesHint.z
      value: 0
      objectReference: {fileID: 0}
    m_RemovedComponents: []
  m_SourcePrefab: {fileID: 100100000, guid: 25f2cf4c4ddbc7847a44a00c78fb15da, type: 3}
--- !u!1001 &621825910
PrefabInstance:
  m_ObjectHideFlags: 0
  serializedVersion: 2
  m_Modification:
    m_TransformParent: {fileID: 0}
    m_Modifications:
    - target: {fileID: 1069567032315564, guid: bdf8e7438a7816543998181bd3067573, type: 3}
      propertyPath: m_Name
      value: rpgpp_lt_terrain_grass_01
      objectReference: {fileID: 0}
    - target: {fileID: 1069567032315564, guid: bdf8e7438a7816543998181bd3067573, type: 3}
      propertyPath: m_TagString
      value: Ground
      objectReference: {fileID: 0}
    - target: {fileID: 4835789832631930, guid: bdf8e7438a7816543998181bd3067573, type: 3}
      propertyPath: m_RootOrder
      value: 5
      objectReference: {fileID: 0}
    - target: {fileID: 4835789832631930, guid: bdf8e7438a7816543998181bd3067573, type: 3}
      propertyPath: m_LocalPosition.x
      value: -8.295672
      objectReference: {fileID: 0}
    - target: {fileID: 4835789832631930, guid: bdf8e7438a7816543998181bd3067573, type: 3}
      propertyPath: m_LocalPosition.y
      value: 155.08092
      objectReference: {fileID: 0}
    - target: {fileID: 4835789832631930, guid: bdf8e7438a7816543998181bd3067573, type: 3}
      propertyPath: m_LocalPosition.z
      value: 211.3227
      objectReference: {fileID: 0}
    - target: {fileID: 4835789832631930, guid: bdf8e7438a7816543998181bd3067573, type: 3}
      propertyPath: m_LocalRotation.w
      value: 1
      objectReference: {fileID: 0}
    - target: {fileID: 4835789832631930, guid: bdf8e7438a7816543998181bd3067573, type: 3}
      propertyPath: m_LocalRotation.x
      value: 0
      objectReference: {fileID: 0}
    - target: {fileID: 4835789832631930, guid: bdf8e7438a7816543998181bd3067573, type: 3}
      propertyPath: m_LocalRotation.y
      value: -0
      objectReference: {fileID: 0}
    - target: {fileID: 4835789832631930, guid: bdf8e7438a7816543998181bd3067573, type: 3}
      propertyPath: m_LocalRotation.z
      value: -0
      objectReference: {fileID: 0}
    - target: {fileID: 4835789832631930, guid: bdf8e7438a7816543998181bd3067573, type: 3}
      propertyPath: m_LocalEulerAnglesHint.x
      value: 0
      objectReference: {fileID: 0}
    - target: {fileID: 4835789832631930, guid: bdf8e7438a7816543998181bd3067573, type: 3}
      propertyPath: m_LocalEulerAnglesHint.y
      value: 0
      objectReference: {fileID: 0}
    - target: {fileID: 4835789832631930, guid: bdf8e7438a7816543998181bd3067573, type: 3}
      propertyPath: m_LocalEulerAnglesHint.z
      value: 0
      objectReference: {fileID: 0}
    m_RemovedComponents: []
  m_SourcePrefab: {fileID: 100100000, guid: bdf8e7438a7816543998181bd3067573, type: 3}
--- !u!1001 &679470842
PrefabInstance:
  m_ObjectHideFlags: 0
  serializedVersion: 2
  m_Modification:
    m_TransformParent: {fileID: 0}
    m_Modifications:
    - target: {fileID: 5592405259795418515, guid: bceb9b5c85b63c54194b73f140b4a684, type: 3}
      propertyPath: m_Target
      value: 
      objectReference: {fileID: 0}
    - target: {fileID: 5592405259802256471, guid: bceb9b5c85b63c54194b73f140b4a684, type: 3}
      propertyPath: m_RootOrder
      value: 9
      objectReference: {fileID: 0}
    - target: {fileID: 5592405259802256471, guid: bceb9b5c85b63c54194b73f140b4a684, type: 3}
      propertyPath: m_LocalPosition.x
      value: 84
      objectReference: {fileID: 0}
    - target: {fileID: 5592405259802256471, guid: bceb9b5c85b63c54194b73f140b4a684, type: 3}
      propertyPath: m_LocalPosition.y
      value: -20
      objectReference: {fileID: 0}
    - target: {fileID: 5592405259802256471, guid: bceb9b5c85b63c54194b73f140b4a684, type: 3}
      propertyPath: m_LocalPosition.z
      value: 219.41818
      objectReference: {fileID: 0}
    - target: {fileID: 5592405259802256471, guid: bceb9b5c85b63c54194b73f140b4a684, type: 3}
      propertyPath: m_LocalRotation.w
      value: 0.8957075
      objectReference: {fileID: 0}
    - target: {fileID: 5592405259802256471, guid: bceb9b5c85b63c54194b73f140b4a684, type: 3}
      propertyPath: m_LocalRotation.x
      value: 0.19231842
      objectReference: {fileID: 0}
    - target: {fileID: 5592405259802256471, guid: bceb9b5c85b63c54194b73f140b4a684, type: 3}
      propertyPath: m_LocalRotation.y
      value: 0.391968
      objectReference: {fileID: 0}
    - target: {fileID: 5592405259802256471, guid: bceb9b5c85b63c54194b73f140b4a684, type: 3}
      propertyPath: m_LocalRotation.z
      value: -0.08415952
      objectReference: {fileID: 0}
    - target: {fileID: 5592405259802256471, guid: bceb9b5c85b63c54194b73f140b4a684, type: 3}
      propertyPath: m_LocalEulerAnglesHint.x
      value: 0
      objectReference: {fileID: 0}
    - target: {fileID: 5592405259802256471, guid: bceb9b5c85b63c54194b73f140b4a684, type: 3}
      propertyPath: m_LocalEulerAnglesHint.y
      value: 0
      objectReference: {fileID: 0}
    - target: {fileID: 5592405259802256471, guid: bceb9b5c85b63c54194b73f140b4a684, type: 3}
      propertyPath: m_LocalEulerAnglesHint.z
      value: 0
      objectReference: {fileID: 0}
    - target: {fileID: 5592405259802490999, guid: bceb9b5c85b63c54194b73f140b4a684, type: 3}
      propertyPath: m_Name
      value: FreeLookCameraRig
      objectReference: {fileID: 0}
    - target: {fileID: 5592405259802490999, guid: bceb9b5c85b63c54194b73f140b4a684, type: 3}
      propertyPath: m_IsActive
      value: 0
      objectReference: {fileID: 0}
    m_RemovedComponents: []
  m_SourcePrefab: {fileID: 100100000, guid: bceb9b5c85b63c54194b73f140b4a684, type: 3}
--- !u!1001 &785789274
PrefabInstance:
  m_ObjectHideFlags: 0
  serializedVersion: 2
  m_Modification:
    m_TransformParent: {fileID: 0}
    m_Modifications:
    - target: {fileID: 5374696203238341708, guid: 5006d44cda9e88541aa3c4184f12d942, type: 3}
      propertyPath: m_RootOrder
      value: 0
      objectReference: {fileID: 0}
    - target: {fileID: 5374696203238341708, guid: 5006d44cda9e88541aa3c4184f12d942, type: 3}
      propertyPath: m_LocalPosition.x
      value: -10.167189
      objectReference: {fileID: 0}
    - target: {fileID: 5374696203238341708, guid: 5006d44cda9e88541aa3c4184f12d942, type: 3}
      propertyPath: m_LocalPosition.y
      value: 156.18486
      objectReference: {fileID: 0}
    - target: {fileID: 5374696203238341708, guid: 5006d44cda9e88541aa3c4184f12d942, type: 3}
      propertyPath: m_LocalPosition.z
      value: 209.87587
      objectReference: {fileID: 0}
    - target: {fileID: 5374696203238341708, guid: 5006d44cda9e88541aa3c4184f12d942, type: 3}
      propertyPath: m_LocalRotation.w
      value: 1
      objectReference: {fileID: 0}
    - target: {fileID: 5374696203238341708, guid: 5006d44cda9e88541aa3c4184f12d942, type: 3}
      propertyPath: m_LocalRotation.x
      value: -0
      objectReference: {fileID: 0}
    - target: {fileID: 5374696203238341708, guid: 5006d44cda9e88541aa3c4184f12d942, type: 3}
      propertyPath: m_LocalRotation.y
      value: -0
      objectReference: {fileID: 0}
    - target: {fileID: 5374696203238341708, guid: 5006d44cda9e88541aa3c4184f12d942, type: 3}
      propertyPath: m_LocalRotation.z
      value: -0
      objectReference: {fileID: 0}
    - target: {fileID: 5374696203238341708, guid: 5006d44cda9e88541aa3c4184f12d942, type: 3}
      propertyPath: m_LocalEulerAnglesHint.x
      value: 0
      objectReference: {fileID: 0}
    - target: {fileID: 5374696203238341708, guid: 5006d44cda9e88541aa3c4184f12d942, type: 3}
      propertyPath: m_LocalEulerAnglesHint.y
      value: 0
      objectReference: {fileID: 0}
    - target: {fileID: 5374696203238341708, guid: 5006d44cda9e88541aa3c4184f12d942, type: 3}
      propertyPath: m_LocalEulerAnglesHint.z
      value: 0
      objectReference: {fileID: 0}
    - target: {fileID: 5374696203238341709, guid: 5006d44cda9e88541aa3c4184f12d942, type: 3}
      propertyPath: m_Name
      value: PlayerAndCamera
      objectReference: {fileID: 0}
    m_RemovedComponents: []
  m_SourcePrefab: {fileID: 100100000, guid: 5006d44cda9e88541aa3c4184f12d942, type: 3}
--- !u!1001 &834335142
PrefabInstance:
  m_ObjectHideFlags: 0
  serializedVersion: 2
  m_Modification:
    m_TransformParent: {fileID: 0}
    m_Modifications:
    - target: {fileID: 3776660635115691162, guid: c38753fa8d28f0443a4f03f65d251867, type: 3}
      propertyPath: m_RootOrder
      value: 15
      objectReference: {fileID: 0}
    - target: {fileID: 3776660635115691162, guid: c38753fa8d28f0443a4f03f65d251867, type: 3}
      propertyPath: m_LocalPosition.x
      value: -6.01
      objectReference: {fileID: 0}
    - target: {fileID: 3776660635115691162, guid: c38753fa8d28f0443a4f03f65d251867, type: 3}
      propertyPath: m_LocalPosition.y
      value: 155.82
      objectReference: {fileID: 0}
    - target: {fileID: 3776660635115691162, guid: c38753fa8d28f0443a4f03f65d251867, type: 3}
      propertyPath: m_LocalPosition.z
      value: 206.79
      objectReference: {fileID: 0}
    - target: {fileID: 3776660635115691162, guid: c38753fa8d28f0443a4f03f65d251867, type: 3}
      propertyPath: m_LocalRotation.w
      value: 1
      objectReference: {fileID: 0}
    - target: {fileID: 3776660635115691162, guid: c38753fa8d28f0443a4f03f65d251867, type: 3}
      propertyPath: m_LocalRotation.x
      value: -0
      objectReference: {fileID: 0}
    - target: {fileID: 3776660635115691162, guid: c38753fa8d28f0443a4f03f65d251867, type: 3}
      propertyPath: m_LocalRotation.y
      value: -0
      objectReference: {fileID: 0}
    - target: {fileID: 3776660635115691162, guid: c38753fa8d28f0443a4f03f65d251867, type: 3}
      propertyPath: m_LocalRotation.z
      value: -0
      objectReference: {fileID: 0}
    - target: {fileID: 3776660635115691162, guid: c38753fa8d28f0443a4f03f65d251867, type: 3}
      propertyPath: m_LocalEulerAnglesHint.x
      value: 0
      objectReference: {fileID: 0}
    - target: {fileID: 3776660635115691162, guid: c38753fa8d28f0443a4f03f65d251867, type: 3}
      propertyPath: m_LocalEulerAnglesHint.y
      value: 0
      objectReference: {fileID: 0}
    - target: {fileID: 3776660635115691162, guid: c38753fa8d28f0443a4f03f65d251867, type: 3}
      propertyPath: m_LocalEulerAnglesHint.z
      value: 0
      objectReference: {fileID: 0}
    - target: {fileID: 7024613659526602305, guid: c38753fa8d28f0443a4f03f65d251867, type: 3}
      propertyPath: m_Name
      value: Coin (2)
      objectReference: {fileID: 0}
    m_RemovedComponents: []
  m_SourcePrefab: {fileID: 100100000, guid: c38753fa8d28f0443a4f03f65d251867, type: 3}
--- !u!1001 &942292604
PrefabInstance:
  m_ObjectHideFlags: 0
  serializedVersion: 2
  m_Modification:
    m_TransformParent: {fileID: 0}
    m_Modifications:
    - target: {fileID: 2197644195828398649, guid: d649b5aead80df947a1d7a014a32049c, type: 3}
      propertyPath: m_Name
      value: Canvas
      objectReference: {fileID: 0}
    - target: {fileID: 2197644195828398653, guid: d649b5aead80df947a1d7a014a32049c, type: 3}
      propertyPath: m_Pivot.x
      value: 0
      objectReference: {fileID: 0}
    - target: {fileID: 2197644195828398653, guid: d649b5aead80df947a1d7a014a32049c, type: 3}
      propertyPath: m_Pivot.y
      value: 0
      objectReference: {fileID: 0}
    - target: {fileID: 2197644195828398653, guid: d649b5aead80df947a1d7a014a32049c, type: 3}
      propertyPath: m_RootOrder
      value: 6
      objectReference: {fileID: 0}
    - target: {fileID: 2197644195828398653, guid: d649b5aead80df947a1d7a014a32049c, type: 3}
      propertyPath: m_AnchorMax.x
      value: 0
      objectReference: {fileID: 0}
    - target: {fileID: 2197644195828398653, guid: d649b5aead80df947a1d7a014a32049c, type: 3}
      propertyPath: m_AnchorMax.y
      value: 0
      objectReference: {fileID: 0}
    - target: {fileID: 2197644195828398653, guid: d649b5aead80df947a1d7a014a32049c, type: 3}
      propertyPath: m_AnchorMin.x
      value: 0
      objectReference: {fileID: 0}
    - target: {fileID: 2197644195828398653, guid: d649b5aead80df947a1d7a014a32049c, type: 3}
      propertyPath: m_AnchorMin.y
      value: 0
      objectReference: {fileID: 0}
    - target: {fileID: 2197644195828398653, guid: d649b5aead80df947a1d7a014a32049c, type: 3}
      propertyPath: m_SizeDelta.x
      value: 0
      objectReference: {fileID: 0}
    - target: {fileID: 2197644195828398653, guid: d649b5aead80df947a1d7a014a32049c, type: 3}
      propertyPath: m_SizeDelta.y
      value: 0
      objectReference: {fileID: 0}
    - target: {fileID: 2197644195828398653, guid: d649b5aead80df947a1d7a014a32049c, type: 3}
      propertyPath: m_LocalPosition.x
      value: 0
      objectReference: {fileID: 0}
    - target: {fileID: 2197644195828398653, guid: d649b5aead80df947a1d7a014a32049c, type: 3}
      propertyPath: m_LocalPosition.y
      value: 0
      objectReference: {fileID: 0}
    - target: {fileID: 2197644195828398653, guid: d649b5aead80df947a1d7a014a32049c, type: 3}
      propertyPath: m_LocalPosition.z
      value: 0
      objectReference: {fileID: 0}
    - target: {fileID: 2197644195828398653, guid: d649b5aead80df947a1d7a014a32049c, type: 3}
      propertyPath: m_LocalRotation.w
      value: 1
      objectReference: {fileID: 0}
    - target: {fileID: 2197644195828398653, guid: d649b5aead80df947a1d7a014a32049c, type: 3}
      propertyPath: m_LocalRotation.x
      value: 0
      objectReference: {fileID: 0}
    - target: {fileID: 2197644195828398653, guid: d649b5aead80df947a1d7a014a32049c, type: 3}
      propertyPath: m_LocalRotation.y
      value: 0
      objectReference: {fileID: 0}
    - target: {fileID: 2197644195828398653, guid: d649b5aead80df947a1d7a014a32049c, type: 3}
      propertyPath: m_LocalRotation.z
      value: 0
      objectReference: {fileID: 0}
    - target: {fileID: 2197644195828398653, guid: d649b5aead80df947a1d7a014a32049c, type: 3}
      propertyPath: m_AnchoredPosition.x
      value: 0
      objectReference: {fileID: 0}
    - target: {fileID: 2197644195828398653, guid: d649b5aead80df947a1d7a014a32049c, type: 3}
      propertyPath: m_AnchoredPosition.y
      value: 0
      objectReference: {fileID: 0}
    - target: {fileID: 2197644195828398653, guid: d649b5aead80df947a1d7a014a32049c, type: 3}
      propertyPath: m_LocalEulerAnglesHint.x
      value: 0
      objectReference: {fileID: 0}
    - target: {fileID: 2197644195828398653, guid: d649b5aead80df947a1d7a014a32049c, type: 3}
      propertyPath: m_LocalEulerAnglesHint.y
      value: 0
      objectReference: {fileID: 0}
    - target: {fileID: 2197644195828398653, guid: d649b5aead80df947a1d7a014a32049c, type: 3}
      propertyPath: m_LocalEulerAnglesHint.z
      value: 0
      objectReference: {fileID: 0}
    - target: {fileID: 7196191358508882314, guid: d649b5aead80df947a1d7a014a32049c, type: 3}
      propertyPath: m_OnClick.m_PersistentCalls.m_Calls.Array.data[0].m_Target
      value: 
      objectReference: {fileID: 1433806241}
    - target: {fileID: 7196191358508882314, guid: d649b5aead80df947a1d7a014a32049c, type: 3}
      propertyPath: m_OnClick.m_PersistentCalls.m_Calls.Array.data[0].m_MethodName
      value: LoadScen
      objectReference: {fileID: 0}
    m_RemovedComponents: []
  m_SourcePrefab: {fileID: 100100000, guid: d649b5aead80df947a1d7a014a32049c, type: 3}
--- !u!114 &945242232 stripped
MonoBehaviour:
  m_CorrespondingSourceObject: {fileID: 2197644196246543241, guid: d649b5aead80df947a1d7a014a32049c, type: 3}
  m_PrefabInstance: {fileID: 942292604}
  m_PrefabAsset: {fileID: 0}
  m_GameObject: {fileID: 0}
  m_Enabled: 1
  m_EditorHideFlags: 0
  m_Script: {fileID: 11500000, guid: 5f7201a12d95ffc409449d95f23cf332, type: 3}
  m_Name: 
  m_EditorClassIdentifier: 
--- !u!1 &1026906193 stripped
GameObject:
  m_CorrespondingSourceObject: {fileID: 1069567032315564, guid: bdf8e7438a7816543998181bd3067573, type: 3}
  m_PrefabInstance: {fileID: 621825910}
  m_PrefabAsset: {fileID: 0}
--- !u!64 &1026906197
MeshCollider:
  m_ObjectHideFlags: 0
  m_CorrespondingSourceObject: {fileID: 0}
  m_PrefabInstance: {fileID: 0}
  m_PrefabAsset: {fileID: 0}
  m_GameObject: {fileID: 1026906193}
  m_Material: {fileID: 0}
  m_IsTrigger: 0
  m_Enabled: 1
  serializedVersion: 4
  m_Convex: 0
  m_CookingOptions: 30
  m_Mesh: {fileID: 4300000, guid: 264414c28ea0fbb41b924fd17d9228b3, type: 3}
--- !u!1001 &1092006627
PrefabInstance:
  m_ObjectHideFlags: 0
  serializedVersion: 2
  m_Modification:
    m_TransformParent: {fileID: 0}
    m_Modifications:
    - target: {fileID: 2060015066961705174, guid: 265bdde3513557c4b9b9b8bac103a2f9, type: 3}
      propertyPath: m_RootOrder
      value: 7
      objectReference: {fileID: 0}
    - target: {fileID: 2060015066961705174, guid: 265bdde3513557c4b9b9b8bac103a2f9, type: 3}
      propertyPath: m_LocalScale.x
      value: 325.80322
      objectReference: {fileID: 0}
    - target: {fileID: 2060015066961705174, guid: 265bdde3513557c4b9b9b8bac103a2f9, type: 3}
      propertyPath: m_LocalScale.y
      value: 325.80322
      objectReference: {fileID: 0}
    - target: {fileID: 2060015066961705174, guid: 265bdde3513557c4b9b9b8bac103a2f9, type: 3}
      propertyPath: m_LocalScale.z
      value: 325.80322
      objectReference: {fileID: 0}
    - target: {fileID: 2060015066961705174, guid: 265bdde3513557c4b9b9b8bac103a2f9, type: 3}
      propertyPath: m_LocalPosition.x
      value: -2
      objectReference: {fileID: 0}
    - target: {fileID: 2060015066961705174, guid: 265bdde3513557c4b9b9b8bac103a2f9, type: 3}
      propertyPath: m_LocalPosition.y
      value: 161.7
      objectReference: {fileID: 0}
    - target: {fileID: 2060015066961705174, guid: 265bdde3513557c4b9b9b8bac103a2f9, type: 3}
      propertyPath: m_LocalPosition.z
      value: 216
      objectReference: {fileID: 0}
    - target: {fileID: 2060015066961705174, guid: 265bdde3513557c4b9b9b8bac103a2f9, type: 3}
      propertyPath: m_LocalRotation.w
      value: 1
      objectReference: {fileID: 0}
    - target: {fileID: 2060015066961705174, guid: 265bdde3513557c4b9b9b8bac103a2f9, type: 3}
      propertyPath: m_LocalRotation.x
      value: 0
      objectReference: {fileID: 0}
    - target: {fileID: 2060015066961705174, guid: 265bdde3513557c4b9b9b8bac103a2f9, type: 3}
      propertyPath: m_LocalRotation.y
      value: 0
      objectReference: {fileID: 0}
    - target: {fileID: 2060015066961705174, guid: 265bdde3513557c4b9b9b8bac103a2f9, type: 3}
      propertyPath: m_LocalRotation.z
      value: 0
      objectReference: {fileID: 0}
    - target: {fileID: 2060015066961705174, guid: 265bdde3513557c4b9b9b8bac103a2f9, type: 3}
      propertyPath: m_LocalEulerAnglesHint.x
      value: 0
      objectReference: {fileID: 0}
    - target: {fileID: 2060015066961705174, guid: 265bdde3513557c4b9b9b8bac103a2f9, type: 3}
      propertyPath: m_LocalEulerAnglesHint.y
      value: 0
      objectReference: {fileID: 0}
    - target: {fileID: 2060015066961705174, guid: 265bdde3513557c4b9b9b8bac103a2f9, type: 3}
      propertyPath: m_LocalEulerAnglesHint.z
      value: 0
      objectReference: {fileID: 0}
    - target: {fileID: 4997350162740867898, guid: 265bdde3513557c4b9b9b8bac103a2f9, type: 3}
      propertyPath: m_Name
      value: Destroyer
      objectReference: {fileID: 0}
    m_RemovedComponents: []
  m_SourcePrefab: {fileID: 100100000, guid: 265bdde3513557c4b9b9b8bac103a2f9, type: 3}
--- !u!1001 &1261868931
PrefabInstance:
  m_ObjectHideFlags: 0
  serializedVersion: 2
  m_Modification:
    m_TransformParent: {fileID: 0}
    m_Modifications:
    - target: {fileID: 3712867547192423796, guid: 25f2cf4c4ddbc7847a44a00c78fb15da, type: 3}
      propertyPath: m_Name
      value: Lamp (2)
      objectReference: {fileID: 0}
    - target: {fileID: 3712867547192584532, guid: 25f2cf4c4ddbc7847a44a00c78fb15da, type: 3}
      propertyPath: m_RootOrder
      value: 12
      objectReference: {fileID: 0}
    - target: {fileID: 3712867547192584532, guid: 25f2cf4c4ddbc7847a44a00c78fb15da, type: 3}
      propertyPath: m_LocalPosition.x
      value: -10.51
      objectReference: {fileID: 0}
    - target: {fileID: 3712867547192584532, guid: 25f2cf4c4ddbc7847a44a00c78fb15da, type: 3}
      propertyPath: m_LocalPosition.y
      value: 155.55995
      objectReference: {fileID: 0}
    - target: {fileID: 3712867547192584532, guid: 25f2cf4c4ddbc7847a44a00c78fb15da, type: 3}
      propertyPath: m_LocalPosition.z
      value: 218.07904
      objectReference: {fileID: 0}
    - target: {fileID: 3712867547192584532, guid: 25f2cf4c4ddbc7847a44a00c78fb15da, type: 3}
      propertyPath: m_LocalRotation.w
      value: 1
      objectReference: {fileID: 0}
    - target: {fileID: 3712867547192584532, guid: 25f2cf4c4ddbc7847a44a00c78fb15da, type: 3}
      propertyPath: m_LocalRotation.x
      value: 0
      objectReference: {fileID: 0}
    - target: {fileID: 3712867547192584532, guid: 25f2cf4c4ddbc7847a44a00c78fb15da, type: 3}
      propertyPath: m_LocalRotation.y
      value: 0
      objectReference: {fileID: 0}
    - target: {fileID: 3712867547192584532, guid: 25f2cf4c4ddbc7847a44a00c78fb15da, type: 3}
      propertyPath: m_LocalRotation.z
      value: 0
      objectReference: {fileID: 0}
    - target: {fileID: 3712867547192584532, guid: 25f2cf4c4ddbc7847a44a00c78fb15da, type: 3}
      propertyPath: m_LocalEulerAnglesHint.x
      value: 0
      objectReference: {fileID: 0}
    - target: {fileID: 3712867547192584532, guid: 25f2cf4c4ddbc7847a44a00c78fb15da, type: 3}
      propertyPath: m_LocalEulerAnglesHint.y
      value: 0
      objectReference: {fileID: 0}
    - target: {fileID: 3712867547192584532, guid: 25f2cf4c4ddbc7847a44a00c78fb15da, type: 3}
      propertyPath: m_LocalEulerAnglesHint.z
      value: 0
      objectReference: {fileID: 0}
    m_RemovedComponents: []
  m_SourcePrefab: {fileID: 100100000, guid: 25f2cf4c4ddbc7847a44a00c78fb15da, type: 3}
--- !u!1 &1346824724
GameObject:
  m_ObjectHideFlags: 0
  m_CorrespondingSourceObject: {fileID: 0}
  m_PrefabInstance: {fileID: 0}
  m_PrefabAsset: {fileID: 0}
  serializedVersion: 6
  m_Component:
  - component: {fileID: 1346824727}
  - component: {fileID: 1346824726}
  - component: {fileID: 1346824725}
  m_Layer: 0
  m_Name: EventSystem
  m_TagString: Untagged
  m_Icon: {fileID: 0}
  m_NavMeshLayer: 0
  m_StaticEditorFlags: 0
  m_IsActive: 1
--- !u!114 &1346824725
MonoBehaviour:
  m_ObjectHideFlags: 0
  m_CorrespondingSourceObject: {fileID: 0}
  m_PrefabInstance: {fileID: 0}
  m_PrefabAsset: {fileID: 0}
  m_GameObject: {fileID: 1346824724}
  m_Enabled: 1
  m_EditorHideFlags: 0
  m_Script: {fileID: 11500000, guid: 4f231c4fb786f3946a6b90b886c48677, type: 3}
  m_Name: 
  m_EditorClassIdentifier: 
  m_HorizontalAxis: Horizontal
  m_VerticalAxis: Vertical
  m_SubmitButton: Submit
  m_CancelButton: Cancel
  m_InputActionsPerSecond: 10
  m_RepeatDelay: 0.5
  m_ForceModuleActive: 0
--- !u!114 &1346824726
MonoBehaviour:
  m_ObjectHideFlags: 0
  m_CorrespondingSourceObject: {fileID: 0}
  m_PrefabInstance: {fileID: 0}
  m_PrefabAsset: {fileID: 0}
  m_GameObject: {fileID: 1346824724}
  m_Enabled: 1
  m_EditorHideFlags: 0
  m_Script: {fileID: 11500000, guid: 76c392e42b5098c458856cdf6ecaaaa1, type: 3}
  m_Name: 
  m_EditorClassIdentifier: 
  m_FirstSelected: {fileID: 0}
  m_sendNavigationEvents: 1
  m_DragThreshold: 10
--- !u!4 &1346824727
Transform:
  m_ObjectHideFlags: 0
  m_CorrespondingSourceObject: {fileID: 0}
  m_PrefabInstance: {fileID: 0}
  m_PrefabAsset: {fileID: 0}
  m_GameObject: {fileID: 1346824724}
  m_LocalRotation: {x: 0, y: 0, z: 0, w: 1}
  m_LocalPosition: {x: 0, y: 0, z: 0}
  m_LocalScale: {x: 1, y: 1, z: 1}
  m_Children: []
  m_Father: {fileID: 0}
  m_RootOrder: 17
  m_LocalEulerAnglesHint: {x: 0, y: 0, z: 0}
--- !u!1001 &1405352855
PrefabInstance:
  m_ObjectHideFlags: 0
  serializedVersion: 2
  m_Modification:
    m_TransformParent: {fileID: 0}
    m_Modifications:
    - target: {fileID: 3776660635115691162, guid: c38753fa8d28f0443a4f03f65d251867, type: 3}
      propertyPath: m_RootOrder
      value: 3
      objectReference: {fileID: 0}
    - target: {fileID: 3776660635115691162, guid: c38753fa8d28f0443a4f03f65d251867, type: 3}
      propertyPath: m_LocalPosition.x
      value: -3.6223822
      objectReference: {fileID: 0}
    - target: {fileID: 3776660635115691162, guid: c38753fa8d28f0443a4f03f65d251867, type: 3}
      propertyPath: m_LocalPosition.y
      value: 155.82
      objectReference: {fileID: 0}
    - target: {fileID: 3776660635115691162, guid: c38753fa8d28f0443a4f03f65d251867, type: 3}
      propertyPath: m_LocalPosition.z
      value: 205.16727
      objectReference: {fileID: 0}
    - target: {fileID: 3776660635115691162, guid: c38753fa8d28f0443a4f03f65d251867, type: 3}
      propertyPath: m_LocalRotation.w
      value: 1
      objectReference: {fileID: 0}
    - target: {fileID: 3776660635115691162, guid: c38753fa8d28f0443a4f03f65d251867, type: 3}
      propertyPath: m_LocalRotation.x
      value: -0
      objectReference: {fileID: 0}
    - target: {fileID: 3776660635115691162, guid: c38753fa8d28f0443a4f03f65d251867, type: 3}
      propertyPath: m_LocalRotation.y
      value: -0
      objectReference: {fileID: 0}
    - target: {fileID: 3776660635115691162, guid: c38753fa8d28f0443a4f03f65d251867, type: 3}
      propertyPath: m_LocalRotation.z
      value: -0
      objectReference: {fileID: 0}
    - target: {fileID: 3776660635115691162, guid: c38753fa8d28f0443a4f03f65d251867, type: 3}
      propertyPath: m_LocalEulerAnglesHint.x
      value: 0
      objectReference: {fileID: 0}
    - target: {fileID: 3776660635115691162, guid: c38753fa8d28f0443a4f03f65d251867, type: 3}
      propertyPath: m_LocalEulerAnglesHint.y
      value: 0
      objectReference: {fileID: 0}
    - target: {fileID: 3776660635115691162, guid: c38753fa8d28f0443a4f03f65d251867, type: 3}
      propertyPath: m_LocalEulerAnglesHint.z
      value: 0
      objectReference: {fileID: 0}
    - target: {fileID: 7024613659526602305, guid: c38753fa8d28f0443a4f03f65d251867, type: 3}
      propertyPath: m_Name
      value: Coin
      objectReference: {fileID: 0}
    m_RemovedComponents: []
  m_SourcePrefab: {fileID: 100100000, guid: c38753fa8d28f0443a4f03f65d251867, type: 3}
--- !u!114 &1433806241 stripped
MonoBehaviour:
  m_CorrespondingSourceObject: {fileID: 838339522891577632, guid: 8d7b57575ea73bc4e801049550d468cf, type: 3}
  m_PrefabInstance: {fileID: 2021548830}
  m_PrefabAsset: {fileID: 0}
  m_GameObject: {fileID: 0}
  m_Enabled: 1
  m_EditorHideFlags: 0
  m_Script: {fileID: 11500000, guid: 515fef723e5670c46a3750b5be5f8ca7, type: 3}
  m_Name: 
  m_EditorClassIdentifier: 
--- !u!114 &1433903548 stripped
MonoBehaviour:
  m_CorrespondingSourceObject: {fileID: 8334519898912822324, guid: d649b5aead80df947a1d7a014a32049c, type: 3}
  m_PrefabInstance: {fileID: 942292604}
  m_PrefabAsset: {fileID: 0}
  m_GameObject: {fileID: 0}
  m_Enabled: 1
  m_EditorHideFlags: 0
  m_Script: {fileID: 11500000, guid: 5f7201a12d95ffc409449d95f23cf332, type: 3}
  m_Name: 
  m_EditorClassIdentifier: 
--- !u!1001 &1565609984
PrefabInstance:
  m_ObjectHideFlags: 0
  serializedVersion: 2
  m_Modification:
    m_TransformParent: {fileID: 0}
    m_Modifications:
    - target: {fileID: 7804277416916641354, guid: 18fe93989205caf46ba6e6f76a853c0f, type: 3}
      propertyPath: m_RootOrder
      value: 1
      objectReference: {fileID: 0}
    - target: {fileID: 7804277416916641354, guid: 18fe93989205caf46ba6e6f76a853c0f, type: 3}
      propertyPath: m_LocalPosition.x
      value: -13.981878
      objectReference: {fileID: 0}
    - target: {fileID: 7804277416916641354, guid: 18fe93989205caf46ba6e6f76a853c0f, type: 3}
      propertyPath: m_LocalPosition.y
      value: 156.86156
      objectReference: {fileID: 0}
    - target: {fileID: 7804277416916641354, guid: 18fe93989205caf46ba6e6f76a853c0f, type: 3}
      propertyPath: m_LocalPosition.z
      value: 203.71
      objectReference: {fileID: 0}
    - target: {fileID: 7804277416916641354, guid: 18fe93989205caf46ba6e6f76a853c0f, type: 3}
      propertyPath: m_LocalRotation.w
      value: 1
      objectReference: {fileID: 0}
    - target: {fileID: 7804277416916641354, guid: 18fe93989205caf46ba6e6f76a853c0f, type: 3}
      propertyPath: m_LocalRotation.x
      value: -0
      objectReference: {fileID: 0}
    - target: {fileID: 7804277416916641354, guid: 18fe93989205caf46ba6e6f76a853c0f, type: 3}
      propertyPath: m_LocalRotation.y
      value: -0
      objectReference: {fileID: 0}
    - target: {fileID: 7804277416916641354, guid: 18fe93989205caf46ba6e6f76a853c0f, type: 3}
      propertyPath: m_LocalRotation.z
      value: -0
      objectReference: {fileID: 0}
    - target: {fileID: 7804277416916641354, guid: 18fe93989205caf46ba6e6f76a853c0f, type: 3}
      propertyPath: m_LocalEulerAnglesHint.x
      value: 0
      objectReference: {fileID: 0}
    - target: {fileID: 7804277416916641354, guid: 18fe93989205caf46ba6e6f76a853c0f, type: 3}
      propertyPath: m_LocalEulerAnglesHint.y
      value: 0
      objectReference: {fileID: 0}
    - target: {fileID: 7804277416916641354, guid: 18fe93989205caf46ba6e6f76a853c0f, type: 3}
      propertyPath: m_LocalEulerAnglesHint.z
      value: 0
      objectReference: {fileID: 0}
    - target: {fileID: 7804277416916641397, guid: 18fe93989205caf46ba6e6f76a853c0f, type: 3}
      propertyPath: m_Name
      value: Exit
      objectReference: {fileID: 0}
    m_RemovedComponents: []
  m_SourcePrefab: {fileID: 100100000, guid: 18fe93989205caf46ba6e6f76a853c0f, type: 3}
--- !u!1001 &1653264391
PrefabInstance:
  m_ObjectHideFlags: 0
  serializedVersion: 2
  m_Modification:
    m_TransformParent: {fileID: 0}
    m_Modifications:
    - target: {fileID: 3712867547192423796, guid: 25f2cf4c4ddbc7847a44a00c78fb15da, type: 3}
      propertyPath: m_Name
      value: Lamp (3)
      objectReference: {fileID: 0}
    - target: {fileID: 3712867547192584532, guid: 25f2cf4c4ddbc7847a44a00c78fb15da, type: 3}
      propertyPath: m_RootOrder
      value: 13
      objectReference: {fileID: 0}
    - target: {fileID: 3712867547192584532, guid: 25f2cf4c4ddbc7847a44a00c78fb15da, type: 3}
      propertyPath: m_LocalPosition.x
      value: -12.74
      objectReference: {fileID: 0}
    - target: {fileID: 3712867547192584532, guid: 25f2cf4c4ddbc7847a44a00c78fb15da, type: 3}
      propertyPath: m_LocalPosition.y
      value: 155.55995
      objectReference: {fileID: 0}
    - target: {fileID: 3712867547192584532, guid: 25f2cf4c4ddbc7847a44a00c78fb15da, type: 3}
      propertyPath: m_LocalPosition.z
      value: 218.07904
      objectReference: {fileID: 0}
    - target: {fileID: 3712867547192584532, guid: 25f2cf4c4ddbc7847a44a00c78fb15da, type: 3}
      propertyPath: m_LocalRotation.w
      value: 1
      objectReference: {fileID: 0}
    - target: {fileID: 3712867547192584532, guid: 25f2cf4c4ddbc7847a44a00c78fb15da, type: 3}
      propertyPath: m_LocalRotation.x
      value: 0
      objectReference: {fileID: 0}
    - target: {fileID: 3712867547192584532, guid: 25f2cf4c4ddbc7847a44a00c78fb15da, type: 3}
      propertyPath: m_LocalRotation.y
      value: 0
      objectReference: {fileID: 0}
    - target: {fileID: 3712867547192584532, guid: 25f2cf4c4ddbc7847a44a00c78fb15da, type: 3}
      propertyPath: m_LocalRotation.z
      value: 0
      objectReference: {fileID: 0}
    - target: {fileID: 3712867547192584532, guid: 25f2cf4c4ddbc7847a44a00c78fb15da, type: 3}
      propertyPath: m_LocalEulerAnglesHint.x
      value: 0
      objectReference: {fileID: 0}
    - target: {fileID: 3712867547192584532, guid: 25f2cf4c4ddbc7847a44a00c78fb15da, type: 3}
      propertyPath: m_LocalEulerAnglesHint.y
      value: 0
      objectReference: {fileID: 0}
    - target: {fileID: 3712867547192584532, guid: 25f2cf4c4ddbc7847a44a00c78fb15da, type: 3}
      propertyPath: m_LocalEulerAnglesHint.z
      value: 0
      objectReference: {fileID: 0}
    m_RemovedComponents: []
  m_SourcePrefab: {fileID: 100100000, guid: 25f2cf4c4ddbc7847a44a00c78fb15da, type: 3}
--- !u!1001 &2021548830
PrefabInstance:
  m_ObjectHideFlags: 0
  serializedVersion: 2
  m_Modification:
    m_TransformParent: {fileID: 0}
    m_Modifications:
    - target: {fileID: 838339522891577632, guid: 8d7b57575ea73bc4e801049550d468cf, type: 3}
      propertyPath: options
      value: 
      objectReference: {fileID: 11400000, guid: 18e8481f1529f1b4e974a128b1291b38, type: 2}
    - target: {fileID: 838339522891577632, guid: 8d7b57575ea73bc4e801049550d468cf, type: 3}
      propertyPath: coinsText
      value: 
      objectReference: {fileID: 1433903548}
    - target: {fileID: 838339522891577632, guid: 8d7b57575ea73bc4e801049550d468cf, type: 3}
      propertyPath: livesText
      value: 
      objectReference: {fileID: 945242232}
    - target: {fileID: 838339522891577632, guid: 8d7b57575ea73bc4e801049550d468cf, type: 3}
      propertyPath: nextLevel
      value: 5
      objectReference: {fileID: 0}
    - target: {fileID: 838339522891577632, guid: 8d7b57575ea73bc4e801049550d468cf, type: 3}
      propertyPath: statistic
      value: 
      objectReference: {fileID: 11400000, guid: ce82a769e7232d64da65e7712d8283e1, type: 2}
    - target: {fileID: 838339522891577632, guid: 8d7b57575ea73bc4e801049550d468cf, type: 3}
      propertyPath: pausePanel
      value: 
      objectReference: {fileID: 205658022}
    - target: {fileID: 838339522891577633, guid: 8d7b57575ea73bc4e801049550d468cf, type: 3}
      propertyPath: m_Name
      value: GameController
      objectReference: {fileID: 0}
    - target: {fileID: 838339522891577635, guid: 8d7b57575ea73bc4e801049550d468cf, type: 3}
      propertyPath: m_RootOrder
      value: 10
      objectReference: {fileID: 0}
    - target: {fileID: 838339522891577635, guid: 8d7b57575ea73bc4e801049550d468cf, type: 3}
      propertyPath: m_LocalPosition.x
      value: 90.56656
      objectReference: {fileID: 0}
    - target: {fileID: 838339522891577635, guid: 8d7b57575ea73bc4e801049550d468cf, type: 3}
      propertyPath: m_LocalPosition.y
      value: -21.758892
      objectReference: {fileID: 0}
    - target: {fileID: 838339522891577635, guid: 8d7b57575ea73bc4e801049550d468cf, type: 3}
      propertyPath: m_LocalPosition.z
      value: 237.47699
      objectReference: {fileID: 0}
    - target: {fileID: 838339522891577635, guid: 8d7b57575ea73bc4e801049550d468cf, type: 3}
      propertyPath: m_LocalRotation.w
      value: 1
      objectReference: {fileID: 0}
    - target: {fileID: 838339522891577635, guid: 8d7b57575ea73bc4e801049550d468cf, type: 3}
      propertyPath: m_LocalRotation.x
      value: 0
      objectReference: {fileID: 0}
    - target: {fileID: 838339522891577635, guid: 8d7b57575ea73bc4e801049550d468cf, type: 3}
      propertyPath: m_LocalRotation.y
      value: 0
      objectReference: {fileID: 0}
    - target: {fileID: 838339522891577635, guid: 8d7b57575ea73bc4e801049550d468cf, type: 3}
      propertyPath: m_LocalRotation.z
      value: 0
      objectReference: {fileID: 0}
    - target: {fileID: 838339522891577635, guid: 8d7b57575ea73bc4e801049550d468cf, type: 3}
      propertyPath: m_LocalEulerAnglesHint.x
      value: 0
      objectReference: {fileID: 0}
    - target: {fileID: 838339522891577635, guid: 8d7b57575ea73bc4e801049550d468cf, type: 3}
      propertyPath: m_LocalEulerAnglesHint.y
      value: 0
      objectReference: {fileID: 0}
    - target: {fileID: 838339522891577635, guid: 8d7b57575ea73bc4e801049550d468cf, type: 3}
      propertyPath: m_LocalEulerAnglesHint.z
      value: 0
      objectReference: {fileID: 0}
    m_RemovedComponents: []
  m_SourcePrefab: {fileID: 100100000, guid: 8d7b57575ea73bc4e801049550d468cf, type: 3}
--- !u!1001 &2138372589
PrefabInstance:
  m_ObjectHideFlags: 0
  serializedVersion: 2
  m_Modification:
    m_TransformParent: {fileID: 0}
    m_Modifications:
    - target: {fileID: 5425758877495425937, guid: e87ef8868a0046940bd230eed32b2bfa, type: 3}
      propertyPath: m_Enabled
      value: 0
      objectReference: {fileID: 0}
    - target: {fileID: 7134158741099332971, guid: e87ef8868a0046940bd230eed32b2bfa, type: 3}
      propertyPath: m_Name
      value: CheckPoint
      objectReference: {fileID: 0}
    - target: {fileID: 8636112370074676383, guid: e87ef8868a0046940bd230eed32b2bfa, type: 3}
      propertyPath: m_RootOrder
      value: 4
      objectReference: {fileID: 0}
    - target: {fileID: 8636112370074676383, guid: e87ef8868a0046940bd230eed32b2bfa, type: 3}
      propertyPath: m_LocalPosition.x
      value: -10.208
      objectReference: {fileID: 0}
    - target: {fileID: 8636112370074676383, guid: e87ef8868a0046940bd230eed32b2bfa, type: 3}
      propertyPath: m_LocalPosition.y
      value: 156.629
      objectReference: {fileID: 0}
    - target: {fileID: 8636112370074676383, guid: e87ef8868a0046940bd230eed32b2bfa, type: 3}
      propertyPath: m_LocalPosition.z
      value: 209.91
      objectReference: {fileID: 0}
    - target: {fileID: 8636112370074676383, guid: e87ef8868a0046940bd230eed32b2bfa, type: 3}
      propertyPath: m_LocalRotation.w
      value: 1
      objectReference: {fileID: 0}
    - target: {fileID: 8636112370074676383, guid: e87ef8868a0046940bd230eed32b2bfa, type: 3}
      propertyPath: m_LocalRotation.x
      value: 0
      objectReference: {fileID: 0}
    - target: {fileID: 8636112370074676383, guid: e87ef8868a0046940bd230eed32b2bfa, type: 3}
      propertyPath: m_LocalRotation.y
      value: 0
      objectReference: {fileID: 0}
    - target: {fileID: 8636112370074676383, guid: e87ef8868a0046940bd230eed32b2bfa, type: 3}
      propertyPath: m_LocalRotation.z
      value: 0
      objectReference: {fileID: 0}
    - target: {fileID: 8636112370074676383, guid: e87ef8868a0046940bd230eed32b2bfa, type: 3}
      propertyPath: m_LocalEulerAnglesHint.x
      value: 0
      objectReference: {fileID: 0}
    - target: {fileID: 8636112370074676383, guid: e87ef8868a0046940bd230eed32b2bfa, type: 3}
      propertyPath: m_LocalEulerAnglesHint.y
      value: 0
      objectReference: {fileID: 0}
    - target: {fileID: 8636112370074676383, guid: e87ef8868a0046940bd230eed32b2bfa, type: 3}
      propertyPath: m_LocalEulerAnglesHint.z
      value: 0
      objectReference: {fileID: 0}
    m_RemovedComponents: []
  m_SourcePrefab: {fileID: 100100000, guid: e87ef8868a0046940bd230eed32b2bfa, type: 3}
