%YAML 1.1
%TAG !u! tag:unity3d.com,2011:
--- !u!1 &2577829585643534204
GameObject:
  m_ObjectHideFlags: 0
  m_CorrespondingSourceObject: {fileID: 0}
  m_PrefabInstance: {fileID: 0}
  m_PrefabAsset: {fileID: 0}
  serializedVersion: 6
  m_Component:
  - component: {fileID: 5521127601439398019}
  m_Layer: 0
  m_Name: PlatformBigStoneAndCoins12
  m_TagString: Untagged
  m_Icon: {fileID: 0}
  m_NavMeshLayer: 0
  m_StaticEditorFlags: 0
  m_IsActive: 1
--- !u!4 &5521127601439398019
Transform:
  m_ObjectHideFlags: 0
  m_CorrespondingSourceObject: {fileID: 0}
  m_PrefabInstance: {fileID: 0}
  m_PrefabAsset: {fileID: 0}
  m_GameObject: {fileID: 2577829585643534204}
  m_LocalRotation: {x: 0, y: 0, z: 0, w: 1}
  m_LocalPosition: {x: 0, y: 0, z: 0}
  m_LocalScale: {x: 1, y: 1, z: 1}
  m_Children:
  - {fileID: 8085255728348342054}
  - {fileID: 5511872603113049250}
  - {fileID: 8033804296241749977}
  - {fileID: 3924534337424642440}
  - {fileID: 1159661209030407842}
  - {fileID: 8727583745806929408}
  - {fileID: 8746656160519314512}
  - {fileID: 7199583924588225931}
  - {fileID: 1895872308186676995}
  - {fileID: 4416327968989808171}
  - {fileID: 4043866335913893745}
  - {fileID: 7493571930900541930}
  - {fileID: 9222633387418820349}
  m_Father: {fileID: 0}
  m_RootOrder: 0
  m_LocalEulerAnglesHint: {x: 0, y: 0, z: 0}
--- !u!1001 &153082776361454866
PrefabInstance:
  m_ObjectHideFlags: 0
  serializedVersion: 2
  m_Modification:
    m_TransformParent: {fileID: 5521127601439398019}
    m_Modifications:
    - target: {fileID: 3776660635115691162, guid: c38753fa8d28f0443a4f03f65d251867, type: 3}
      propertyPath: m_RootOrder
      value: 3
      objectReference: {fileID: 0}
    - target: {fileID: 3776660635115691162, guid: c38753fa8d28f0443a4f03f65d251867, type: 3}
      propertyPath: m_LocalPosition.x
      value: -1.82
      objectReference: {fileID: 0}
    - target: {fileID: 3776660635115691162, guid: c38753fa8d28f0443a4f03f65d251867, type: 3}
      propertyPath: m_LocalPosition.y
      value: 6.06
      objectReference: {fileID: 0}
    - target: {fileID: 3776660635115691162, guid: c38753fa8d28f0443a4f03f65d251867, type: 3}
      propertyPath: m_LocalPosition.z
      value: 0
      objectReference: {fileID: 0}
    - target: {fileID: 3776660635115691162, guid: c38753fa8d28f0443a4f03f65d251867, type: 3}
      propertyPath: m_LocalRotation.w
      value: 1
      objectReference: {fileID: 0}
    - target: {fileID: 3776660635115691162, guid: c38753fa8d28f0443a4f03f65d251867, type: 3}
      propertyPath: m_LocalRotation.x
      value: -0
      objectReference: {fileID: 0}
    - target: {fileID: 3776660635115691162, guid: c38753fa8d28f0443a4f03f65d251867, type: 3}
      propertyPath: m_LocalRotation.y
      value: -0
      objectReference: {fileID: 0}
    - target: {fileID: 3776660635115691162, guid: c38753fa8d28f0443a4f03f65d251867, type: 3}
      propertyPath: m_LocalRotation.z
      value: -0
      objectReference: {fileID: 0}
    - target: {fileID: 3776660635115691162, guid: c38753fa8d28f0443a4f03f65d251867, type: 3}
      propertyPath: m_LocalEulerAnglesHint.x
      value: 0
      objectReference: {fileID: 0}
    - target: {fileID: 3776660635115691162, guid: c38753fa8d28f0443a4f03f65d251867, type: 3}
      propertyPath: m_LocalEulerAnglesHint.y
      value: 0
      objectReference: {fileID: 0}
    - target: {fileID: 3776660635115691162, guid: c38753fa8d28f0443a4f03f65d251867, type: 3}
      propertyPath: m_LocalEulerAnglesHint.z
      value: 0
      objectReference: {fileID: 0}
    - target: {fileID: 7024613659526602305, guid: c38753fa8d28f0443a4f03f65d251867, type: 3}
      propertyPath: m_Name
      value: Coin (2)
      objectReference: {fileID: 0}
    m_RemovedComponents: []
  m_SourcePrefab: {fileID: 100100000, guid: c38753fa8d28f0443a4f03f65d251867, type: 3}
--- !u!4 &3924534337424642440 stripped
Transform:
  m_CorrespondingSourceObject: {fileID: 3776660635115691162, guid: c38753fa8d28f0443a4f03f65d251867, type: 3}
  m_PrefabInstance: {fileID: 153082776361454866}
  m_PrefabAsset: {fileID: 0}
--- !u!1001 &657690700275980977
PrefabInstance:
  m_ObjectHideFlags: 0
  serializedVersion: 2
  m_Modification:
    m_TransformParent: {fileID: 5521127601439398019}
    m_Modifications:
    - target: {fileID: 3776660635115691162, guid: c38753fa8d28f0443a4f03f65d251867, type: 3}
      propertyPath: m_RootOrder
      value: 9
      objectReference: {fileID: 0}
    - target: {fileID: 3776660635115691162, guid: c38753fa8d28f0443a4f03f65d251867, type: 3}
      propertyPath: m_LocalPosition.x
      value: 1.17
      objectReference: {fileID: 0}
    - target: {fileID: 3776660635115691162, guid: c38753fa8d28f0443a4f03f65d251867, type: 3}
      propertyPath: m_LocalPosition.y
      value: 6.06
      objectReference: {fileID: 0}
    - target: {fileID: 3776660635115691162, guid: c38753fa8d28f0443a4f03f65d251867, type: 3}
      propertyPath: m_LocalPosition.z
      value: -1.6
      objectReference: {fileID: 0}
    - target: {fileID: 3776660635115691162, guid: c38753fa8d28f0443a4f03f65d251867, type: 3}
      propertyPath: m_LocalRotation.w
      value: 1
      objectReference: {fileID: 0}
    - target: {fileID: 3776660635115691162, guid: c38753fa8d28f0443a4f03f65d251867, type: 3}
      propertyPath: m_LocalRotation.x
      value: -0
      objectReference: {fileID: 0}
    - target: {fileID: 3776660635115691162, guid: c38753fa8d28f0443a4f03f65d251867, type: 3}
      propertyPath: m_LocalRotation.y
      value: -0
      objectReference: {fileID: 0}
    - target: {fileID: 3776660635115691162, guid: c38753fa8d28f0443a4f03f65d251867, type: 3}
      propertyPath: m_LocalRotation.z
      value: -0
      objectReference: {fileID: 0}
    - target: {fileID: 3776660635115691162, guid: c38753fa8d28f0443a4f03f65d251867, type: 3}
      propertyPath: m_LocalEulerAnglesHint.x
      value: 0
      objectReference: {fileID: 0}
    - target: {fileID: 3776660635115691162, guid: c38753fa8d28f0443a4f03f65d251867, type: 3}
      propertyPath: m_LocalEulerAnglesHint.y
      value: 0
      objectReference: {fileID: 0}
    - target: {fileID: 3776660635115691162, guid: c38753fa8d28f0443a4f03f65d251867, type: 3}
      propertyPath: m_LocalEulerAnglesHint.z
      value: 0
      objectReference: {fileID: 0}
    - target: {fileID: 7024613659526602305, guid: c38753fa8d28f0443a4f03f65d251867, type: 3}
      propertyPath: m_Name
      value: Coin (8)
      objectReference: {fileID: 0}
    m_RemovedComponents: []
  m_SourcePrefab: {fileID: 100100000, guid: c38753fa8d28f0443a4f03f65d251867, type: 3}
--- !u!4 &4416327968989808171 stripped
Transform:
  m_CorrespondingSourceObject: {fileID: 3776660635115691162, guid: c38753fa8d28f0443a4f03f65d251867, type: 3}
  m_PrefabInstance: {fileID: 657690700275980977}
  m_PrefabAsset: {fileID: 0}
--- !u!1001 &898423970679440363
PrefabInstance:
  m_ObjectHideFlags: 0
  serializedVersion: 2
  m_Modification:
    m_TransformParent: {fileID: 5521127601439398019}
    m_Modifications:
    - target: {fileID: 3776660635115691162, guid: c38753fa8d28f0443a4f03f65d251867, type: 3}
      propertyPath: m_RootOrder
      value: 10
      objectReference: {fileID: 0}
    - target: {fileID: 3776660635115691162, guid: c38753fa8d28f0443a4f03f65d251867, type: 3}
      propertyPath: m_LocalPosition.x
      value: -0.26
      objectReference: {fileID: 0}
    - target: {fileID: 3776660635115691162, guid: c38753fa8d28f0443a4f03f65d251867, type: 3}
      propertyPath: m_LocalPosition.y
      value: 6.06
      objectReference: {fileID: 0}
    - target: {fileID: 3776660635115691162, guid: c38753fa8d28f0443a4f03f65d251867, type: 3}
      propertyPath: m_LocalPosition.z
      value: -1.6
      objectReference: {fileID: 0}
    - target: {fileID: 3776660635115691162, guid: c38753fa8d28f0443a4f03f65d251867, type: 3}
      propertyPath: m_LocalRotation.w
      value: 1
      objectReference: {fileID: 0}
    - target: {fileID: 3776660635115691162, guid: c38753fa8d28f0443a4f03f65d251867, type: 3}
      propertyPath: m_LocalRotation.x
      value: -0
      objectReference: {fileID: 0}
    - target: {fileID: 3776660635115691162, guid: c38753fa8d28f0443a4f03f65d251867, type: 3}
      propertyPath: m_LocalRotation.y
      value: -0
      objectReference: {fileID: 0}
    - target: {fileID: 3776660635115691162, guid: c38753fa8d28f0443a4f03f65d251867, type: 3}
      propertyPath: m_LocalRotation.z
      value: -0
      objectReference: {fileID: 0}
    - target: {fileID: 3776660635115691162, guid: c38753fa8d28f0443a4f03f65d251867, type: 3}
      propertyPath: m_LocalEulerAnglesHint.x
      value: 0
      objectReference: {fileID: 0}
    - target: {fileID: 3776660635115691162, guid: c38753fa8d28f0443a4f03f65d251867, type: 3}
      propertyPath: m_LocalEulerAnglesHint.y
      value: 0
      objectReference: {fileID: 0}
    - target: {fileID: 3776660635115691162, guid: c38753fa8d28f0443a4f03f65d251867, type: 3}
      propertyPath: m_LocalEulerAnglesHint.z
      value: 0
      objectReference: {fileID: 0}
    - target: {fileID: 7024613659526602305, guid: c38753fa8d28f0443a4f03f65d251867, type: 3}
      propertyPath: m_Name
      value: Coin (9)
      objectReference: {fileID: 0}
    m_RemovedComponents: []
  m_SourcePrefab: {fileID: 100100000, guid: c38753fa8d28f0443a4f03f65d251867, type: 3}
--- !u!4 &4043866335913893745 stripped
Transform:
  m_CorrespondingSourceObject: {fileID: 3776660635115691162, guid: c38753fa8d28f0443a4f03f65d251867, type: 3}
  m_PrefabInstance: {fileID: 898423970679440363}
  m_PrefabAsset: {fileID: 0}
--- !u!1001 &2264893794357225792
PrefabInstance:
  m_ObjectHideFlags: 0
  serializedVersion: 2
  m_Modification:
    m_TransformParent: {fileID: 5521127601439398019}
    m_Modifications:
    - target: {fileID: 1045382586346540846, guid: 89e7daf3118bf2148aab88821194a8fa, type: 3}
      propertyPath: m_Name
      value: PlatformBigStone
      objectReference: {fileID: 0}
    - target: {fileID: 8023758502428348006, guid: 89e7daf3118bf2148aab88821194a8fa, type: 3}
      propertyPath: m_RootOrder
      value: 0
      objectReference: {fileID: 0}
    - target: {fileID: 8023758502428348006, guid: 89e7daf3118bf2148aab88821194a8fa, type: 3}
      propertyPath: m_LocalPosition.x
      value: 0
      objectReference: {fileID: 0}
    - target: {fileID: 8023758502428348006, guid: 89e7daf3118bf2148aab88821194a8fa, type: 3}
      propertyPath: m_LocalPosition.y
      value: 0
      objectReference: {fileID: 0}
    - target: {fileID: 8023758502428348006, guid: 89e7daf3118bf2148aab88821194a8fa, type: 3}
      propertyPath: m_LocalPosition.z
      value: 0
      objectReference: {fileID: 0}
    - target: {fileID: 8023758502428348006, guid: 89e7daf3118bf2148aab88821194a8fa, type: 3}
      propertyPath: m_LocalRotation.w
      value: 0.7071068
      objectReference: {fileID: 0}
    - target: {fileID: 8023758502428348006, guid: 89e7daf3118bf2148aab88821194a8fa, type: 3}
      propertyPath: m_LocalRotation.x
      value: -0
      objectReference: {fileID: 0}
    - target: {fileID: 8023758502428348006, guid: 89e7daf3118bf2148aab88821194a8fa, type: 3}
      propertyPath: m_LocalRotation.y
      value: 0.7071068
      objectReference: {fileID: 0}
    - target: {fileID: 8023758502428348006, guid: 89e7daf3118bf2148aab88821194a8fa, type: 3}
      propertyPath: m_LocalRotation.z
      value: -0
      objectReference: {fileID: 0}
    - target: {fileID: 8023758502428348006, guid: 89e7daf3118bf2148aab88821194a8fa, type: 3}
      propertyPath: m_LocalEulerAnglesHint.x
      value: 0
      objectReference: {fileID: 0}
    - target: {fileID: 8023758502428348006, guid: 89e7daf3118bf2148aab88821194a8fa, type: 3}
      propertyPath: m_LocalEulerAnglesHint.y
      value: 90
      objectReference: {fileID: 0}
    - target: {fileID: 8023758502428348006, guid: 89e7daf3118bf2148aab88821194a8fa, type: 3}
      propertyPath: m_LocalEulerAnglesHint.z
      value: 0
      objectReference: {fileID: 0}
    m_RemovedComponents: []
  m_SourcePrefab: {fileID: 100100000, guid: 89e7daf3118bf2148aab88821194a8fa, type: 3}
--- !u!4 &8085255728348342054 stripped
Transform:
  m_CorrespondingSourceObject: {fileID: 8023758502428348006, guid: 89e7daf3118bf2148aab88821194a8fa, type: 3}
  m_PrefabInstance: {fileID: 2264893794357225792}
  m_PrefabAsset: {fileID: 0}
--- !u!1001 &2629703537231866424
PrefabInstance:
  m_ObjectHideFlags: 0
  serializedVersion: 2
  m_Modification:
    m_TransformParent: {fileID: 5521127601439398019}
    m_Modifications:
    - target: {fileID: 3776660635115691162, guid: c38753fa8d28f0443a4f03f65d251867, type: 3}
      propertyPath: m_RootOrder
      value: 4
      objectReference: {fileID: 0}
    - target: {fileID: 3776660635115691162, guid: c38753fa8d28f0443a4f03f65d251867, type: 3}
      propertyPath: m_LocalPosition.x
      value: -3.41
      objectReference: {fileID: 0}
    - target: {fileID: 3776660635115691162, guid: c38753fa8d28f0443a4f03f65d251867, type: 3}
      propertyPath: m_LocalPosition.y
      value: 6.06
      objectReference: {fileID: 0}
    - target: {fileID: 3776660635115691162, guid: c38753fa8d28f0443a4f03f65d251867, type: 3}
      propertyPath: m_LocalPosition.z
      value: 0
      objectReference: {fileID: 0}
    - target: {fileID: 3776660635115691162, guid: c38753fa8d28f0443a4f03f65d251867, type: 3}
      propertyPath: m_LocalRotation.w
      value: 1
      objectReference: {fileID: 0}
    - target: {fileID: 3776660635115691162, guid: c38753fa8d28f0443a4f03f65d251867, type: 3}
      propertyPath: m_LocalRotation.x
      value: -0
      objectReference: {fileID: 0}
    - target: {fileID: 3776660635115691162, guid: c38753fa8d28f0443a4f03f65d251867, type: 3}
      propertyPath: m_LocalRotation.y
      value: -0
      objectReference: {fileID: 0}
    - target: {fileID: 3776660635115691162, guid: c38753fa8d28f0443a4f03f65d251867, type: 3}
      propertyPath: m_LocalRotation.z
      value: -0
      objectReference: {fileID: 0}
    - target: {fileID: 3776660635115691162, guid: c38753fa8d28f0443a4f03f65d251867, type: 3}
      propertyPath: m_LocalEulerAnglesHint.x
      value: 0
      objectReference: {fileID: 0}
    - target: {fileID: 3776660635115691162, guid: c38753fa8d28f0443a4f03f65d251867, type: 3}
      propertyPath: m_LocalEulerAnglesHint.y
      value: 0
      objectReference: {fileID: 0}
    - target: {fileID: 3776660635115691162, guid: c38753fa8d28f0443a4f03f65d251867, type: 3}
      propertyPath: m_LocalEulerAnglesHint.z
      value: 0
      objectReference: {fileID: 0}
    - target: {fileID: 7024613659526602305, guid: c38753fa8d28f0443a4f03f65d251867, type: 3}
      propertyPath: m_Name
      value: Coin (3)
      objectReference: {fileID: 0}
    m_RemovedComponents: []
  m_SourcePrefab: {fileID: 100100000, guid: c38753fa8d28f0443a4f03f65d251867, type: 3}
--- !u!4 &1159661209030407842 stripped
Transform:
  m_CorrespondingSourceObject: {fileID: 3776660635115691162, guid: c38753fa8d28f0443a4f03f65d251867, type: 3}
  m_PrefabInstance: {fileID: 2629703537231866424}
  m_PrefabAsset: {fileID: 0}
--- !u!1001 &3325372893884507033
PrefabInstance:
  m_ObjectHideFlags: 0
  serializedVersion: 2
  m_Modification:
    m_TransformParent: {fileID: 5521127601439398019}
    m_Modifications:
    - target: {fileID: 3776660635115691162, guid: c38753fa8d28f0443a4f03f65d251867, type: 3}
      propertyPath: m_RootOrder
      value: 8
      objectReference: {fileID: 0}
    - target: {fileID: 3776660635115691162, guid: c38753fa8d28f0443a4f03f65d251867, type: 3}
      propertyPath: m_LocalPosition.x
      value: -3.41
      objectReference: {fileID: 0}
    - target: {fileID: 3776660635115691162, guid: c38753fa8d28f0443a4f03f65d251867, type: 3}
      propertyPath: m_LocalPosition.y
      value: 6.06
      objectReference: {fileID: 0}
    - target: {fileID: 3776660635115691162, guid: c38753fa8d28f0443a4f03f65d251867, type: 3}
      propertyPath: m_LocalPosition.z
      value: 1.6
      objectReference: {fileID: 0}
    - target: {fileID: 3776660635115691162, guid: c38753fa8d28f0443a4f03f65d251867, type: 3}
      propertyPath: m_LocalRotation.w
      value: 1
      objectReference: {fileID: 0}
    - target: {fileID: 3776660635115691162, guid: c38753fa8d28f0443a4f03f65d251867, type: 3}
      propertyPath: m_LocalRotation.x
      value: -0
      objectReference: {fileID: 0}
    - target: {fileID: 3776660635115691162, guid: c38753fa8d28f0443a4f03f65d251867, type: 3}
      propertyPath: m_LocalRotation.y
      value: -0
      objectReference: {fileID: 0}
    - target: {fileID: 3776660635115691162, guid: c38753fa8d28f0443a4f03f65d251867, type: 3}
      propertyPath: m_LocalRotation.z
      value: -0
      objectReference: {fileID: 0}
    - target: {fileID: 3776660635115691162, guid: c38753fa8d28f0443a4f03f65d251867, type: 3}
      propertyPath: m_LocalEulerAnglesHint.x
      value: 0
      objectReference: {fileID: 0}
    - target: {fileID: 3776660635115691162, guid: c38753fa8d28f0443a4f03f65d251867, type: 3}
      propertyPath: m_LocalEulerAnglesHint.y
      value: 0
      objectReference: {fileID: 0}
    - target: {fileID: 3776660635115691162, guid: c38753fa8d28f0443a4f03f65d251867, type: 3}
      propertyPath: m_LocalEulerAnglesHint.z
      value: 0
      objectReference: {fileID: 0}
    - target: {fileID: 7024613659526602305, guid: c38753fa8d28f0443a4f03f65d251867, type: 3}
      propertyPath: m_Name
      value: Coin (7)
      objectReference: {fileID: 0}
    m_RemovedComponents: []
  m_SourcePrefab: {fileID: 100100000, guid: c38753fa8d28f0443a4f03f65d251867, type: 3}
--- !u!4 &1895872308186676995 stripped
Transform:
  m_CorrespondingSourceObject: {fileID: 3776660635115691162, guid: c38753fa8d28f0443a4f03f65d251867, type: 3}
  m_PrefabInstance: {fileID: 3325372893884507033}
  m_PrefabAsset: {fileID: 0}
--- !u!1001 &5445983232325845607
PrefabInstance:
  m_ObjectHideFlags: 0
  serializedVersion: 2
  m_Modification:
    m_TransformParent: {fileID: 5521127601439398019}
    m_Modifications:
    - target: {fileID: 3776660635115691162, guid: c38753fa8d28f0443a4f03f65d251867, type: 3}
      propertyPath: m_RootOrder
      value: 12
      objectReference: {fileID: 0}
    - target: {fileID: 3776660635115691162, guid: c38753fa8d28f0443a4f03f65d251867, type: 3}
      propertyPath: m_LocalPosition.x
      value: -3.41
      objectReference: {fileID: 0}
    - target: {fileID: 3776660635115691162, guid: c38753fa8d28f0443a4f03f65d251867, type: 3}
      propertyPath: m_LocalPosition.y
      value: 6.06
      objectReference: {fileID: 0}
    - target: {fileID: 3776660635115691162, guid: c38753fa8d28f0443a4f03f65d251867, type: 3}
      propertyPath: m_LocalPosition.z
      value: -1.6
      objectReference: {fileID: 0}
    - target: {fileID: 3776660635115691162, guid: c38753fa8d28f0443a4f03f65d251867, type: 3}
      propertyPath: m_LocalRotation.w
      value: 1
      objectReference: {fileID: 0}
    - target: {fileID: 3776660635115691162, guid: c38753fa8d28f0443a4f03f65d251867, type: 3}
      propertyPath: m_LocalRotation.x
      value: -0
      objectReference: {fileID: 0}
    - target: {fileID: 3776660635115691162, guid: c38753fa8d28f0443a4f03f65d251867, type: 3}
      propertyPath: m_LocalRotation.y
      value: -0
      objectReference: {fileID: 0}
    - target: {fileID: 3776660635115691162, guid: c38753fa8d28f0443a4f03f65d251867, type: 3}
      propertyPath: m_LocalRotation.z
      value: -0
      objectReference: {fileID: 0}
    - target: {fileID: 3776660635115691162, guid: c38753fa8d28f0443a4f03f65d251867, type: 3}
      propertyPath: m_LocalEulerAnglesHint.x
      value: 0
      objectReference: {fileID: 0}
    - target: {fileID: 3776660635115691162, guid: c38753fa8d28f0443a4f03f65d251867, type: 3}
      propertyPath: m_LocalEulerAnglesHint.y
      value: 0
      objectReference: {fileID: 0}
    - target: {fileID: 3776660635115691162, guid: c38753fa8d28f0443a4f03f65d251867, type: 3}
      propertyPath: m_LocalEulerAnglesHint.z
      value: 0
      objectReference: {fileID: 0}
    - target: {fileID: 7024613659526602305, guid: c38753fa8d28f0443a4f03f65d251867, type: 3}
      propertyPath: m_Name
      value: Coin (11)
      objectReference: {fileID: 0}
    m_RemovedComponents: []
  m_SourcePrefab: {fileID: 100100000, guid: c38753fa8d28f0443a4f03f65d251867, type: 3}
--- !u!4 &9222633387418820349 stripped
Transform:
  m_CorrespondingSourceObject: {fileID: 3776660635115691162, guid: c38753fa8d28f0443a4f03f65d251867, type: 3}
  m_PrefabInstance: {fileID: 5445983232325845607}
  m_PrefabAsset: {fileID: 0}
--- !u!1001 &5551594433024737482
PrefabInstance:
  m_ObjectHideFlags: 0
  serializedVersion: 2
  m_Modification:
    m_TransformParent: {fileID: 5521127601439398019}
    m_Modifications:
    - target: {fileID: 3776660635115691162, guid: c38753fa8d28f0443a4f03f65d251867, type: 3}
      propertyPath: m_RootOrder
      value: 6
      objectReference: {fileID: 0}
    - target: {fileID: 3776660635115691162, guid: c38753fa8d28f0443a4f03f65d251867, type: 3}
      propertyPath: m_LocalPosition.x
      value: -0.26
      objectReference: {fileID: 0}
    - target: {fileID: 3776660635115691162, guid: c38753fa8d28f0443a4f03f65d251867, type: 3}
      propertyPath: m_LocalPosition.y
      value: 6.06
      objectReference: {fileID: 0}
    - target: {fileID: 3776660635115691162, guid: c38753fa8d28f0443a4f03f65d251867, type: 3}
      propertyPath: m_LocalPosition.z
      value: 1.6
      objectReference: {fileID: 0}
    - target: {fileID: 3776660635115691162, guid: c38753fa8d28f0443a4f03f65d251867, type: 3}
      propertyPath: m_LocalRotation.w
      value: 1
      objectReference: {fileID: 0}
    - target: {fileID: 3776660635115691162, guid: c38753fa8d28f0443a4f03f65d251867, type: 3}
      propertyPath: m_LocalRotation.x
      value: -0
      objectReference: {fileID: 0}
    - target: {fileID: 3776660635115691162, guid: c38753fa8d28f0443a4f03f65d251867, type: 3}
      propertyPath: m_LocalRotation.y
      value: -0
      objectReference: {fileID: 0}
    - target: {fileID: 3776660635115691162, guid: c38753fa8d28f0443a4f03f65d251867, type: 3}
      propertyPath: m_LocalRotation.z
      value: -0
      objectReference: {fileID: 0}
    - target: {fileID: 3776660635115691162, guid: c38753fa8d28f0443a4f03f65d251867, type: 3}
      propertyPath: m_LocalEulerAnglesHint.x
      value: 0
      objectReference: {fileID: 0}
    - target: {fileID: 3776660635115691162, guid: c38753fa8d28f0443a4f03f65d251867, type: 3}
      propertyPath: m_LocalEulerAnglesHint.y
      value: 0
      objectReference: {fileID: 0}
    - target: {fileID: 3776660635115691162, guid: c38753fa8d28f0443a4f03f65d251867, type: 3}
      propertyPath: m_LocalEulerAnglesHint.z
      value: 0
      objectReference: {fileID: 0}
    - target: {fileID: 7024613659526602305, guid: c38753fa8d28f0443a4f03f65d251867, type: 3}
      propertyPath: m_Name
      value: Coin (5)
      objectReference: {fileID: 0}
    m_RemovedComponents: []
  m_SourcePrefab: {fileID: 100100000, guid: c38753fa8d28f0443a4f03f65d251867, type: 3}
--- !u!4 &8746656160519314512 stripped
Transform:
  m_CorrespondingSourceObject: {fileID: 3776660635115691162, guid: c38753fa8d28f0443a4f03f65d251867, type: 3}
  m_PrefabInstance: {fileID: 5551594433024737482}
  m_PrefabAsset: {fileID: 0}
--- !u!1001 &5582211719285838490
PrefabInstance:
  m_ObjectHideFlags: 0
  serializedVersion: 2
  m_Modification:
    m_TransformParent: {fileID: 5521127601439398019}
    m_Modifications:
    - target: {fileID: 3776660635115691162, guid: c38753fa8d28f0443a4f03f65d251867, type: 3}
      propertyPath: m_RootOrder
      value: 5
      objectReference: {fileID: 0}
    - target: {fileID: 3776660635115691162, guid: c38753fa8d28f0443a4f03f65d251867, type: 3}
      propertyPath: m_LocalPosition.x
      value: 1.17
      objectReference: {fileID: 0}
    - target: {fileID: 3776660635115691162, guid: c38753fa8d28f0443a4f03f65d251867, type: 3}
      propertyPath: m_LocalPosition.y
      value: 6.06
      objectReference: {fileID: 0}
    - target: {fileID: 3776660635115691162, guid: c38753fa8d28f0443a4f03f65d251867, type: 3}
      propertyPath: m_LocalPosition.z
      value: 1.6
      objectReference: {fileID: 0}
    - target: {fileID: 3776660635115691162, guid: c38753fa8d28f0443a4f03f65d251867, type: 3}
      propertyPath: m_LocalRotation.w
      value: 1
      objectReference: {fileID: 0}
    - target: {fileID: 3776660635115691162, guid: c38753fa8d28f0443a4f03f65d251867, type: 3}
      propertyPath: m_LocalRotation.x
      value: -0
      objectReference: {fileID: 0}
    - target: {fileID: 3776660635115691162, guid: c38753fa8d28f0443a4f03f65d251867, type: 3}
      propertyPath: m_LocalRotation.y
      value: -0
      objectReference: {fileID: 0}
    - target: {fileID: 3776660635115691162, guid: c38753fa8d28f0443a4f03f65d251867, type: 3}
      propertyPath: m_LocalRotation.z
      value: -0
      objectReference: {fileID: 0}
    - target: {fileID: 3776660635115691162, guid: c38753fa8d28f0443a4f03f65d251867, type: 3}
      propertyPath: m_LocalEulerAnglesHint.x
      value: 0
      objectReference: {fileID: 0}
    - target: {fileID: 3776660635115691162, guid: c38753fa8d28f0443a4f03f65d251867, type: 3}
      propertyPath: m_LocalEulerAnglesHint.y
      value: 0
      objectReference: {fileID: 0}
    - target: {fileID: 3776660635115691162, guid: c38753fa8d28f0443a4f03f65d251867, type: 3}
      propertyPath: m_LocalEulerAnglesHint.z
      value: 0
      objectReference: {fileID: 0}
    - target: {fileID: 7024613659526602305, guid: c38753fa8d28f0443a4f03f65d251867, type: 3}
      propertyPath: m_Name
      value: Coin (4)
      objectReference: {fileID: 0}
    m_RemovedComponents: []
  m_SourcePrefab: {fileID: 100100000, guid: c38753fa8d28f0443a4f03f65d251867, type: 3}
--- !u!4 &8727583745806929408 stripped
Transform:
  m_CorrespondingSourceObject: {fileID: 3776660635115691162, guid: c38753fa8d28f0443a4f03f65d251867, type: 3}
  m_PrefabInstance: {fileID: 5582211719285838490}
  m_PrefabAsset: {fileID: 0}
--- !u!1001 &6023537157588626800
PrefabInstance:
  m_ObjectHideFlags: 0
  serializedVersion: 2
  m_Modification:
    m_TransformParent: {fileID: 5521127601439398019}
    m_Modifications:
    - target: {fileID: 3776660635115691162, guid: c38753fa8d28f0443a4f03f65d251867, type: 3}
      propertyPath: m_RootOrder
      value: 11
      objectReference: {fileID: 0}
    - target: {fileID: 3776660635115691162, guid: c38753fa8d28f0443a4f03f65d251867, type: 3}
      propertyPath: m_LocalPosition.x
      value: -1.82
      objectReference: {fileID: 0}
    - target: {fileID: 3776660635115691162, guid: c38753fa8d28f0443a4f03f65d251867, type: 3}
      propertyPath: m_LocalPosition.y
      value: 6.06
      objectReference: {fileID: 0}
    - target: {fileID: 3776660635115691162, guid: c38753fa8d28f0443a4f03f65d251867, type: 3}
      propertyPath: m_LocalPosition.z
      value: -1.6
      objectReference: {fileID: 0}
    - target: {fileID: 3776660635115691162, guid: c38753fa8d28f0443a4f03f65d251867, type: 3}
      propertyPath: m_LocalRotation.w
      value: 1
      objectReference: {fileID: 0}
    - target: {fileID: 3776660635115691162, guid: c38753fa8d28f0443a4f03f65d251867, type: 3}
      propertyPath: m_LocalRotation.x
      value: -0
      objectReference: {fileID: 0}
    - target: {fileID: 3776660635115691162, guid: c38753fa8d28f0443a4f03f65d251867, type: 3}
      propertyPath: m_LocalRotation.y
      value: -0
      objectReference: {fileID: 0}
    - target: {fileID: 3776660635115691162, guid: c38753fa8d28f0443a4f03f65d251867, type: 3}
      propertyPath: m_LocalRotation.z
      value: -0
      objectReference: {fileID: 0}
    - target: {fileID: 3776660635115691162, guid: c38753fa8d28f0443a4f03f65d251867, type: 3}
      propertyPath: m_LocalEulerAnglesHint.x
      value: 0
      objectReference: {fileID: 0}
    - target: {fileID: 3776660635115691162, guid: c38753fa8d28f0443a4f03f65d251867, type: 3}
      propertyPath: m_LocalEulerAnglesHint.y
      value: 0
      objectReference: {fileID: 0}
    - target: {fileID: 3776660635115691162, guid: c38753fa8d28f0443a4f03f65d251867, type: 3}
      propertyPath: m_LocalEulerAnglesHint.z
      value: 0
      objectReference: {fileID: 0}
    - target: {fileID: 7024613659526602305, guid: c38753fa8d28f0443a4f03f65d251867, type: 3}
      propertyPath: m_Name
      value: Coin (10)
      objectReference: {fileID: 0}
    m_RemovedComponents: []
  m_SourcePrefab: {fileID: 100100000, guid: c38753fa8d28f0443a4f03f65d251867, type: 3}
--- !u!4 &7493571930900541930 stripped
Transform:
  m_CorrespondingSourceObject: {fileID: 3776660635115691162, guid: c38753fa8d28f0443a4f03f65d251867, type: 3}
  m_PrefabInstance: {fileID: 6023537157588626800}
  m_PrefabAsset: {fileID: 0}
--- !u!1001 &6306002348698515729
PrefabInstance:
  m_ObjectHideFlags: 0
  serializedVersion: 2
  m_Modification:
    m_TransformParent: {fileID: 5521127601439398019}
    m_Modifications:
    - target: {fileID: 3776660635115691162, guid: c38753fa8d28f0443a4f03f65d251867, type: 3}
      propertyPath: m_RootOrder
      value: 7
      objectReference: {fileID: 0}
    - target: {fileID: 3776660635115691162, guid: c38753fa8d28f0443a4f03f65d251867, type: 3}
      propertyPath: m_LocalPosition.x
      value: -1.82
      objectReference: {fileID: 0}
    - target: {fileID: 3776660635115691162, guid: c38753fa8d28f0443a4f03f65d251867, type: 3}
      propertyPath: m_LocalPosition.y
      value: 6.06
      objectReference: {fileID: 0}
    - target: {fileID: 3776660635115691162, guid: c38753fa8d28f0443a4f03f65d251867, type: 3}
      propertyPath: m_LocalPosition.z
      value: 1.6
      objectReference: {fileID: 0}
    - target: {fileID: 3776660635115691162, guid: c38753fa8d28f0443a4f03f65d251867, type: 3}
      propertyPath: m_LocalRotation.w
      value: 1
      objectReference: {fileID: 0}
    - target: {fileID: 3776660635115691162, guid: c38753fa8d28f0443a4f03f65d251867, type: 3}
      propertyPath: m_LocalRotation.x
      value: -0
      objectReference: {fileID: 0}
    - target: {fileID: 3776660635115691162, guid: c38753fa8d28f0443a4f03f65d251867, type: 3}
      propertyPath: m_LocalRotation.y
      value: -0
      objectReference: {fileID: 0}
    - target: {fileID: 3776660635115691162, guid: c38753fa8d28f0443a4f03f65d251867, type: 3}
      propertyPath: m_LocalRotation.z
      value: -0
      objectReference: {fileID: 0}
    - target: {fileID: 3776660635115691162, guid: c38753fa8d28f0443a4f03f65d251867, type: 3}
      propertyPath: m_LocalEulerAnglesHint.x
      value: 0
      objectReference: {fileID: 0}
    - target: {fileID: 3776660635115691162, guid: c38753fa8d28f0443a4f03f65d251867, type: 3}
      propertyPath: m_LocalEulerAnglesHint.y
      value: 0
      objectReference: {fileID: 0}
    - target: {fileID: 3776660635115691162, guid: c38753fa8d28f0443a4f03f65d251867, type: 3}
      propertyPath: m_LocalEulerAnglesHint.z
      value: 0
      objectReference: {fileID: 0}
    - target: {fileID: 7024613659526602305, guid: c38753fa8d28f0443a4f03f65d251867, type: 3}
      propertyPath: m_Name
      value: Coin (6)
      objectReference: {fileID: 0}
    m_RemovedComponents: []
  m_SourcePrefab: {fileID: 100100000, guid: c38753fa8d28f0443a4f03f65d251867, type: 3}
--- !u!4 &7199583924588225931 stripped
Transform:
  m_CorrespondingSourceObject: {fileID: 3776660635115691162, guid: c38753fa8d28f0443a4f03f65d251867, type: 3}
  m_PrefabInstance: {fileID: 6306002348698515729}
  m_PrefabAsset: {fileID: 0}
--- !u!1001 &6563058194463753027
PrefabInstance:
  m_ObjectHideFlags: 0
  serializedVersion: 2
  m_Modification:
    m_TransformParent: {fileID: 5521127601439398019}
    m_Modifications:
    - target: {fileID: 3776660635115691162, guid: c38753fa8d28f0443a4f03f65d251867, type: 3}
      propertyPath: m_RootOrder
      value: 2
      objectReference: {fileID: 0}
    - target: {fileID: 3776660635115691162, guid: c38753fa8d28f0443a4f03f65d251867, type: 3}
      propertyPath: m_LocalPosition.x
      value: -0.26
      objectReference: {fileID: 0}
    - target: {fileID: 3776660635115691162, guid: c38753fa8d28f0443a4f03f65d251867, type: 3}
      propertyPath: m_LocalPosition.y
      value: 6.06
      objectReference: {fileID: 0}
    - target: {fileID: 3776660635115691162, guid: c38753fa8d28f0443a4f03f65d251867, type: 3}
      propertyPath: m_LocalPosition.z
      value: 0
      objectReference: {fileID: 0}
    - target: {fileID: 3776660635115691162, guid: c38753fa8d28f0443a4f03f65d251867, type: 3}
      propertyPath: m_LocalRotation.w
      value: 1
      objectReference: {fileID: 0}
    - target: {fileID: 3776660635115691162, guid: c38753fa8d28f0443a4f03f65d251867, type: 3}
      propertyPath: m_LocalRotation.x
      value: -0
      objectReference: {fileID: 0}
    - target: {fileID: 3776660635115691162, guid: c38753fa8d28f0443a4f03f65d251867, type: 3}
      propertyPath: m_LocalRotation.y
      value: -0
      objectReference: {fileID: 0}
    - target: {fileID: 3776660635115691162, guid: c38753fa8d28f0443a4f03f65d251867, type: 3}
      propertyPath: m_LocalRotation.z
      value: -0
      objectReference: {fileID: 0}
    - target: {fileID: 3776660635115691162, guid: c38753fa8d28f0443a4f03f65d251867, type: 3}
      propertyPath: m_LocalEulerAnglesHint.x
      value: 0
      objectReference: {fileID: 0}
    - target: {fileID: 3776660635115691162, guid: c38753fa8d28f0443a4f03f65d251867, type: 3}
      propertyPath: m_LocalEulerAnglesHint.y
      value: 0
      objectReference: {fileID: 0}
    - target: {fileID: 3776660635115691162, guid: c38753fa8d28f0443a4f03f65d251867, type: 3}
      propertyPath: m_LocalEulerAnglesHint.z
      value: 0
      objectReference: {fileID: 0}
    - target: {fileID: 7024613659526602305, guid: c38753fa8d28f0443a4f03f65d251867, type: 3}
      propertyPath: m_Name
      value: Coin (1)
      objectReference: {fileID: 0}
    m_RemovedComponents: []
  m_SourcePrefab: {fileID: 100100000, guid: c38753fa8d28f0443a4f03f65d251867, type: 3}
--- !u!4 &8033804296241749977 stripped
Transform:
  m_CorrespondingSourceObject: {fileID: 3776660635115691162, guid: c38753fa8d28f0443a4f03f65d251867, type: 3}
  m_PrefabInstance: {fileID: 6563058194463753027}
  m_PrefabAsset: {fileID: 0}
--- !u!1001 &8653524002536902712
PrefabInstance:
  m_ObjectHideFlags: 0
  serializedVersion: 2
  m_Modification:
    m_TransformParent: {fileID: 5521127601439398019}
    m_Modifications:
    - target: {fileID: 3776660635115691162, guid: c38753fa8d28f0443a4f03f65d251867, type: 3}
      propertyPath: m_RootOrder
      value: 1
      objectReference: {fileID: 0}
    - target: {fileID: 3776660635115691162, guid: c38753fa8d28f0443a4f03f65d251867, type: 3}
      propertyPath: m_LocalPosition.x
      value: 1.17
      objectReference: {fileID: 0}
    - target: {fileID: 3776660635115691162, guid: c38753fa8d28f0443a4f03f65d251867, type: 3}
      propertyPath: m_LocalPosition.y
      value: 6.06
      objectReference: {fileID: 0}
    - target: {fileID: 3776660635115691162, guid: c38753fa8d28f0443a4f03f65d251867, type: 3}
      propertyPath: m_LocalPosition.z
      value: 0
      objectReference: {fileID: 0}
    - target: {fileID: 3776660635115691162, guid: c38753fa8d28f0443a4f03f65d251867, type: 3}
      propertyPath: m_LocalRotation.w
      value: 1
      objectReference: {fileID: 0}
    - target: {fileID: 3776660635115691162, guid: c38753fa8d28f0443a4f03f65d251867, type: 3}
      propertyPath: m_LocalRotation.x
      value: -0
      objectReference: {fileID: 0}
    - target: {fileID: 3776660635115691162, guid: c38753fa8d28f0443a4f03f65d251867, type: 3}
      propertyPath: m_LocalRotation.y
      value: -0
      objectReference: {fileID: 0}
    - target: {fileID: 3776660635115691162, guid: c38753fa8d28f0443a4f03f65d251867, type: 3}
      propertyPath: m_LocalRotation.z
      value: -0
      objectReference: {fileID: 0}
    - target: {fileID: 3776660635115691162, guid: c38753fa8d28f0443a4f03f65d251867, type: 3}
      propertyPath: m_LocalEulerAnglesHint.x
      value: 0
      objectReference: {fileID: 0}
    - target: {fileID: 3776660635115691162, guid: c38753fa8d28f0443a4f03f65d251867, type: 3}
      propertyPath: m_LocalEulerAnglesHint.y
      value: 0
      objectReference: {fileID: 0}
    - target: {fileID: 3776660635115691162, guid: c38753fa8d28f0443a4f03f65d251867, type: 3}
      propertyPath: m_LocalEulerAnglesHint.z
      value: 0
      objectReference: {fileID: 0}
    - target: {fileID: 7024613659526602305, guid: c38753fa8d28f0443a4f03f65d251867, type: 3}
      propertyPath: m_Name
      value: Coin
      objectReference: {fileID: 0}
    m_RemovedComponents: []
  m_SourcePrefab: {fileID: 100100000, guid: c38753fa8d28f0443a4f03f65d251867, type: 3}
--- !u!4 &5511872603113049250 stripped
Transform:
  m_CorrespondingSourceObject: {fileID: 3776660635115691162, guid: c38753fa8d28f0443a4f03f65d251867, type: 3}
  m_PrefabInstance: {fileID: 8653524002536902712}
  m_PrefabAsset: {fileID: 0}
